3088 4648
664 278 879 397 412...

173 531 175 534 ·
256 503 327 568 iure
349 502 472 569 dicitur
493 503 528 570 iu
551 504 694 570 carmine
724 505 829 589 primo
851 503 993 572 Pindaro
1024 503 1178 570 carminis
1200 504 1291 570 tertii

256 627 384 672 versum
406 608 448 674 42
472 606 680 674 obversatum
704 631 784 676 esse.
836 611 938 676 Immo
960 609 1101 676 mamma
1123 607 1292 693 probabile

257 731 327 776 esse
350 732 465 778 censeo
489 734 561 778 eam
584 715 798 794 sententiam,
823 735 922 798 quam
944 718 1041 799 podta
1056 712 1198 779 exordio
1222 734 1291 778 car·

258 813 353 881 minis
371 815 532 901 Olympici
554 819 651 902 primi
674 821 844 903 expressit,
868 818 1030 903 proverbii
1054 819 1118 883 vim
1140 818 1293 884 habuisse

257 924 291 984 et
313 919 416 986 multo
440 926 616 1005 antequam
640 922 799 988 Pindarus
821 924 880 988 illa
902 925 1001 989 verba
1024 921 1197 1004 scriberet,
1221 942 1294 1006 per·

258 1021 425 1107 vulgatam
456 1025 563 1096 fuisse.
607 1026 715 1093 Etiam
738 1028 896 1111 Jonghius
928 1048 1058 1093 carmen
1089 1026 1293 1111 Olympicum

256 1127 397 1213 primum
420 1129 612 1216 Olympiade
628 1133 668 1199 76
692 1132 906 1215 compositum
922 1152 991 1224 esse
1015 1130 1183 1197 contendit
1203 1135 1238 1196 et
1254 1149 1293 1194 ea

258 1253 295 1298 re
317 1233 477 1317 imprimis
502 1237 634 1318 nititur,
668 1236 756 1319 quod
778 1234 859 1300 illud
886 1257 1017 1302 carmen
1040 1235 1174 1300 Hieroni
1199 1234 1293 1318 Syra·

260 1358 398 1420 cusano,
435 1361 499 1405 nou
533 1340 684 1406 Aetnaeo
709 1340 894 1405 dedicatum
927 1339 1022 1424 est¹).
1073 1339 1153 1404 Inde
1185 1339 1294 1422 colligi

260 1462 356 1525 posse
379 1449 490 1510 censet
504 1445 678 1511 Hieronem
702 1445 871 1510 victoriam
895 1445 1106 1528 Olympieam,
1130 1465 1214 1528 quae
1237 1442 1294 1508 illo

261 1547 405 1612 carmine
438 1548 639 1630 celebratur,
670 1549 854 1630 rettulisse,
889 1554 1064 1632 antequam
1089 1551 1195 1612 Aetna
1218 1545 1295 1611 urbs

262 1648 394 1716 condita
417 1659 513 1719 esset.
560 1651 700 1718 Dubium
722 1656 808 1718 enim
832 1675 897 1718 non
920 1673 1007 1733 esse,
1032 1653 1110 1735 quin
1135 1651 1244 1731 Hier0,
1267 1650 1295 1715 si

263 1758 338 1836 post
363 1756 501 1822 Aetnam
535 1755 699 1821 conditam
735 1758 882 1838 vicisset,
917 1757 1098 1822 Aetnaeum
1123 1777 1156 1820 se
1179 1776 1297 1820 renun-

261 1857 339 1923 tiari
369 1859 516 1926 iussurus
546 1861 656 1926 fuerit.
710 1862 848 1926 Aetnam
878 1867 987 1926 autem
1020 1865 1156 1925 exeunte
1189 1860 1294 1942 primo

264 1983 349 2028 auno
375 1963 575 2049 Olympiadis
602 1967 640 2030 76
665 1967 830 2033 conditam
855 1987 925 2031 esse
959 1965 1145 2048 constat‘);
1180 1964 1292 2046 itaque

263 2066 439 2132 seeundum
461 2070 620 2134 rationem
642 2070 731 2135 illius
754 2071 815 2135 viri
839 2069 927 2135 docti
943 2090 1074 2133 carmen
1091 2068 1295 2151 Olympicum

262 2170 402 2253 primum
424 2178 500 2256 post
524 2173 748 2258 Olympiadem
765 2178 805 2238 76
822 2174 978 2256 scriptum
1002 2193 1071 2236 esse
1097 2193 1160 2236 non
1182 2175 1298 2255 potest.

265 2275 351 2340 Aute
381 2297 452 2342 eam
482 2284 593 2343 autem
617 2277 842 2363 Olympiadem
873 2279 974 2343 Hiero
999 2277 1221 2360 Syracusanus
1250 2296 1300 2339 rc-

264 2380 409 2445 nuutiari
426 2402 488 2446 non
505 2383 622 2478 potuit,
647 2384 734 2465 quod
757 2403 859 2466 usque
883 2382 925 2447 ad
941 2381 1074 2446 tertium
1093 2377 1297 2464 Olympiadis

267 2484 307 2547 75
344 2504 464 2548 annum
498 2485 600 2550 Gelae
630 2488 798 2570 princeps,
836 2509 901 2551 non
924 2485 1157 2570 Syracusarum
1191 2483 1299 2548 incola

265 2584 374 2672 fuid).
424 2587 483 2652 His
519 2590 625 2654 causis
648 2590 809 2655 adductus
832 2589 990 2673 Jonghius
1012 2591 1084 2673 ipsa
1109 2586 1300 2672 Olympiade

266 2690 306 2756 76
323 2690 498 2757 Hieronem
521 2693 635 2759 vicisse
658 2695 785 2774 statuit,
809 2699 842 2758 et
857 2695 884 2758 si
901 2715 977 2758 vera
994 2699 1111 2773 esseut,
1136 2691 1220 2757 uude
1241 2691 1299 2754 ille

265 2795 315 2858 vir
337 2793 453 2861 doctus
476 2799 642 2880 profectus
666 2804 732 2879 ost,
767 2799 879 2881 negari
901 2819 965 2862 nou
989 2803 1100 2881 posset
1125 2795 1299 2860 Pindarum

268 2897 461 2982 Olympiade
486 2905 525 2964 76
557 2901 590 2966 in
614 2902 725 2968 Sicilia
748 2907 911 2968 versatum
936 2923 1014 2971 esse.
1051 2901 1114 2966 Sed
1137 2905 1208 2966 tota
1232 2899 1301 2963 eius

268 3006 509 3085 argumentatio
536 3005 630 3072 firmo
660 3007 871 3072 fundamento
906 3006 984 3071 mihi
1019 3004 1148 3070 videtur
1179 3024 1302 3068 carere.

267 3105 341 3172 Etsi
371 3109 457 3172 enim
486 3112 597 3194 negari
629 3133 693 3177 non
723 3117 832 3196 potest
855 3111 1030 3175 Hieronem
1059 3111 1197 3174 Aetnam
1229 3129 1303 3173 cou-

269 3210 371 3276 ditam
394 3233 457 3278 nou
481 3213 690 3280 mediocriter
712 3216 862 3296 iactasse,
887 3219 997 3280 tamen
1012 3213 1152 3278 maxime
1168 3210 1303 3277 dubium

270 3336 339 3382 esse
362 3322 459 3400 puto,
495 3339 571 3383 num
594 3320 724 3385 omnino
748 3318 818 3384 fieri
846 3340 910 3384 nou
941 3320 1101 3404 potuerit,
1135 3322 1172 3381 ut
1194 3315 1304 3395 Hiero,

270 3442 343 3486 eum
366 3422 504 3487 Aetnam
529 3423 745 3504 condidisset,
782 3423 1021 3506 Syracusanum
1058 3442 1092 3485 se
1123 3417 1305 3502 renuntiari

269 3522 397 3588 iuberet
405 3544 414 3608 3
452 3545 527 3590 uam
557 3531 627 3590 tum
650 3549 714 3592 uon
737 3528 843 3592 minus
868 3527 1089 3611 Syracusanus
1113 3529 1185 3588 erat
1207 3541 1305 3605 quam

271 3633 454 3709 Aetnaeus,
493 3629 620 3695 etiamsi
643 3630 719 3696 huic
742 3630 814 3696 urbi
839 3629 932 3696 valde
961 3626 1100 3698 favebat.
1144 3626 1241 3692 Oerte
1264 3625 1304 3705 ei,

317 3801 323 3808 .
327 3801 332 3808 ι
336 3801 425 3808 ..ο-η..-
429 3801 477 3807 ι...-

327 3892 347 3962 1)
366 3890 406 3946 Gt.
426 3891 537 3947 Pindari
556 3890 676 3947 ammius
694 3891 820 3962 Olympia
844 3889 888 3947 ed.
904 3889 939 3946 de
955 3888 1049 3959 Jongh
1067 3905 1113 3960 pg.
1131 3889 1183 3944 257
1202 3893 1229 3942 et
1247 3887 1306 3943 258·

325 3979 348 4048 ⁶³)
367 3977 407 4034 Cl.
426 3977 507 4035 Helm
525 3978 542 4034 l.
562 3979 572 4033 l
599 3979 674 4049 ng.
694 3977 753 4034 au.

325 4064 346 4134 ³¹)
366 4063 406 4120 Ol.
426 4064 506 4120 Helm
525 4065 541 4120 l
561 4065 578 4118 l.
598 4066 611 4119 I
628 4083 674 4137 pg.
693 4065 839 4121 212-213.

648 4232 950 4312 ...ffl-
