<?xml version="1.0" encoding="UTF-8"?>
<!DOCTYPE html PUBLIC "-//W3C//DTD XHTML 1.0 Transitional//EN"
    "http://www.w3.org/TR/xhtml1/DTD/xhtml1-transitional.dtd">
<html xmlns="http://www.w3.org/1999/xhtml" xml:lang="en" lang="en">
 <head>
  <title>
</title>
<meta http-equiv="Content-Type" content="text/html;charset=utf-8" />
  <meta name='ocr-system' content='tesseract 3.04.00' />
  <meta name='ocr-capabilities' content='ocr_page ocr_carea ocr_par ocr_line ocrx_word'/>
</head>
<body>
  <div class='ocr_page' id='page_1' title='image "./quotemporeetcon00bastgoog_0018.png"; bbox 0 0 3088 4648; ppageno 0'>
   <div class='ocr_carea' id='block_1_1' title="bbox 646 340 862 404">
    <p class='ocr_par' dir='ltr' id='par_1_1' title="bbox 646 340 862 404">
     <span class='ocr_line' id='line_1_1' title="bbox 646 340 862 404; baseline -0.005 -15"><span class='ocrx_word' id='word_1_1' title='bbox 646 340 862 404; x_wconf 71' lang='lat'>...11-</span> 
     </span>
    </p>
   </div>
   <div class='ocr_carea' id='block_1_2' title="bbox 237 511 1279 3199">
    <p class='ocr_par' dir='ltr' id='par_1_2' title="bbox 237 511 1276 1948">
     <span class='ocr_line' id='line_1_2' title="bbox 237 511 1273 596; baseline 0 -20"><span class='ocrx_word' id='word_1_2' title='bbox 237 513 360 576; x_wconf 91' lang='lat' dir='ltr'>tioncm</span> <span class='ocrx_word' id='word_1_3' title='bbox 383 531 422 576; x_wconf 89' lang='lat' dir='ltr'>ea</span> <span class='ocrx_word' id='word_1_4' title='bbox 446 533 480 576; x_wconf 91' lang='lat' dir='ltr'>re</span> <span class='ocrx_word' id='word_1_5' title='bbox 504 511 576 577; x_wconf 88' lang='lat' dir='ltr'>tolli</span> <span class='ocrx_word' id='word_1_6' title='bbox 591 518 681 596; x_wconf 90' lang='lat' dir='ltr'>puto,</span> <span class='ocrx_word' id='word_1_7' title='bbox 705 511 793 595; x_wconf 91' lang='lat' dir='ltr'>quod</span> <span class='ocrx_word' id='word_1_8' title='bbox 808 513 879 596; x_wconf 89' lang='lat' dir='ltr'>ipse</span> <span class='ocrx_word' id='word_1_9' title='bbox 896 511 1054 596; x_wconf 86' lang='lat' dir='ltr'>Didymus</span> <span class='ocrx_word' id='word_1_10' title='bbox 1070 512 1144 577; x_wconf 89' lang='lat' dir='ltr'>illos</span> <span class='ocrx_word' id='word_1_11' title='bbox 1160 533 1273 576; x_wconf 81' lang='lat' dir='ltr'>versus</span> 
     </span>
     <span class='ocr_line' id='line_1_3' title="bbox 238 614 1272 707; baseline 0.002 -26"><span class='ocrx_word' id='word_1_12' title='bbox 238 617 281 681; x_wconf 89' lang='lat' dir='ltr'>ad</span> <span class='ocrx_word' id='word_1_13' title='bbox 299 616 487 682; x_wconf 89' lang='lat' dir='ltr'>inimicitias</span> <span class='ocrx_word' id='word_1_14' title='bbox 508 617 664 683; x_wconf 81' lang='lat' dir='ltr'>Theronis</span> <span class='ocrx_word' id='word_1_15' title='bbox 680 621 714 682; x_wconf 89' lang='lat' dir='ltr'>et</span> <span class='ocrx_word' id='word_1_16' title='bbox 726 617 879 682; x_wconf 90' lang='lat' dir='ltr'>Hieronis</span> <span class='ocrx_word' id='word_1_17' title='bbox 893 621 1043 700; x_wconf 85' lang='lat' dir='ltr'>spectare</span> <span class='ocrx_word' id='word_1_18' title='bbox 1058 614 1225 707; x_wconf 87' lang='lat' dir='ltr'>contendit</span> <span class='ocrx_word' id='word_1_19' title='bbox 1236 614 1272 699; x_wconf 85' lang='lat'>¹).</span> 
     </span>
     <span class='ocr_line' id='line_1_4' title="bbox 240 719 1273 805; baseline -0.003 -19"><span class='ocrx_word' id='word_1_20' title='bbox 240 721 501 786; x_wconf 76' lang='lat' dir='ltr'>Consentaneum</span> <span class='ocrx_word' id='word_1_21' title='bbox 533 727 582 786; x_wconf 88' lang='lat' dir='ltr'>est</span> <span class='ocrx_word' id='word_1_22' title='bbox 613 722 717 786; x_wconf 85' lang='lat' dir='ltr'>virum</span> <span class='ocrx_word' id='word_1_23' title='bbox 749 727 816 784; x_wconf 89' lang='lat' dir='ltr'>tam</span> <span class='ocrx_word' id='word_1_24' title='bbox 847 721 972 805; x_wconf 78' lang='lat' dir='ltr'>ingenti</span> <span class='ocrx_word' id='word_1_25' title='bbox 998 720 1147 787; x_wconf 84' lang='lat' dir='ltr'>doctrina</span> <span class='ocrx_word' id='word_1_26' title='bbox 1169 719 1273 785; x_wconf 89' lang='lat' dir='ltr'>excel-</span> 
     </span>
     <span class='ocr_line' id='line_1_5' title="bbox 238 825 1274 909; baseline -0.002 -20"><span class='ocrx_word' id='word_1_27' title='bbox 238 826 359 889; x_wconf 88' lang='lat' dir='ltr'>lentem</span> <span class='ocrx_word' id='word_1_28' title='bbox 381 845 445 889; x_wconf 87' lang='lat' dir='ltr'>non</span> <span class='ocrx_word' id='word_1_29' title='bbox 467 825 645 908; x_wconf 82' lang='lat' dir='ltr'>ignorasse,</span> <span class='ocrx_word' id='word_1_30' title='bbox 671 846 734 907; x_wconf 91' lang='lat' dir='ltr'>quo</span> <span class='ocrx_word' id='word_1_31' title='bbox 759 832 905 909; x_wconf 89' lang='lat' dir='ltr'>tempore</span> <span class='ocrx_word' id='word_1_32' title='bbox 920 825 997 890; x_wconf 87' lang='lat' dir='ltr'>illae</span> <span class='ocrx_word' id='word_1_33' title='bbox 1013 845 1075 905; x_wconf 88' lang='lat' dir='ltr'>res,</span> <span class='ocrx_word' id='word_1_34' title='bbox 1100 844 1182 907; x_wconf 89' lang='lat' dir='ltr'>quas</span> <span class='ocrx_word' id='word_1_35' title='bbox 1198 825 1274 907; x_wconf 84' lang='lat' dir='ltr'>po&#39;e‘·</span> 
     </span>
     <span class='ocr_line' id='line_1_6' title="bbox 238 927 1273 1011; baseline -0.002 -19"><span class='ocrx_word' id='word_1_36' title='bbox 238 935 305 994; x_wconf 89' lang='lat' dir='ltr'>tam</span> <span class='ocrx_word' id='word_1_37' title='bbox 340 928 523 1011; x_wconf 88' lang='lat' dir='ltr'>significare</span> <span class='ocrx_word' id='word_1_38' title='bbox 558 935 686 1007; x_wconf 88' lang='lat' dir='ltr'>censet,</span> <span class='ocrx_word' id='word_1_39' title='bbox 726 929 938 1009; x_wconf 88' lang='lat' dir='ltr'>accidissent,</span> <span class='ocrx_word' id='word_1_40' title='bbox 975 927 1168 1011; x_wconf 88' lang='lat' dir='ltr'>praesertim</span> <span class='ocrx_word' id='word_1_41' title='bbox 1201 947 1273 991; x_wconf 91' lang='lat' dir='ltr'>cum</span> 
     </span>
     <span class='ocr_line' id='line_1_7' title="bbox 238 1032 1273 1116; baseline -0.001 -19"><span class='ocrx_word' id='word_1_42' title='bbox 238 1033 362 1097; x_wconf 83' lang='lat' dir='ltr'>Timaei</span> <span class='ocrx_word' id='word_1_43' title='bbox 400 1033 584 1098; x_wconf 85' lang='lat' dir='ltr'>testimonio</span> <span class='ocrx_word' id='word_1_44' title='bbox 618 1034 751 1101; x_wconf 88' lang='lat' dir='ltr'>nitatur.</span> <span class='ocrx_word' id='word_1_45' title='bbox 802 1032 943 1098; x_wconf 90' lang='lat' dir='ltr'>Dubium</span> <span class='ocrx_word' id='word_1_46' title='bbox 982 1034 1083 1116; x_wconf 86' lang='lat' dir='ltr'>igitur</span> <span class='ocrx_word' id='word_1_47' title='bbox 1117 1053 1181 1097; x_wconf 91' lang='lat' dir='ltr'>non</span> <span class='ocrx_word' id='word_1_48' title='bbox 1215 1037 1273 1111; x_wconf 91' lang='lat' dir='ltr'>est,</span> 
     </span>
     <span class='ocr_line' id='line_1_8' title="bbox 238 1137 1274 1220; baseline 0 -20"><span class='ocrx_word' id='word_1_49' title='bbox 238 1137 315 1219; x_wconf 89' lang='lat' dir='ltr'>quin</span> <span class='ocrx_word' id='word_1_50' title='bbox 349 1156 479 1200; x_wconf 87' lang='lat' dir='ltr'>carmen</span> <span class='ocrx_word' id='word_1_51' title='bbox 514 1158 578 1201; x_wconf 91' lang='lat' dir='ltr'>non</span> <span class='ocrx_word' id='word_1_52' title='bbox 614 1143 690 1202; x_wconf 89' lang='lat' dir='ltr'>ante</span> <span class='ocrx_word' id='word_1_53' title='bbox 724 1158 845 1202; x_wconf 92' lang='lat' dir='ltr'>annum</span> <span class='ocrx_word' id='word_1_54' title='bbox 870 1139 932 1202; x_wconf 83' lang='grc'>476</span> <span class='ocrx_word' id='word_1_55' title='bbox 968 1137 1182 1220; x_wconf 90' lang='lat' dir='ltr'>compositum</span> <span class='ocrx_word' id='word_1_56' title='bbox 1203 1157 1274 1201; x_wconf 86' lang='lat' dir='ltr'>esso</span> 
     </span>
     <span class='ocr_line' id='line_1_9' title="bbox 239 1239 1275 1324; baseline 0 -20"><span class='ocrx_word' id='word_1_57' title='bbox 239 1261 429 1324; x_wconf 88' lang='lat' dir='ltr'>persuasum</span> <span class='ocrx_word' id='word_1_58' title='bbox 448 1239 601 1306; x_wconf 87' lang='lat' dir='ltr'>habuerit</span> <span class='ocrx_word' id='word_1_59' title='bbox 620 1281 654 1290; x_wconf 86' lang='lat'>-—</span> <span class='ocrx_word' id='word_1_60' title='bbox 675 1263 752 1306; x_wconf 88' lang='lat' dir='ltr'>num</span> <span class='ocrx_word' id='word_1_61' title='bbox 775 1263 811 1306; x_wconf 88' lang='lat' dir='ltr'>re</span> <span class='ocrx_word' id='word_1_62' title='bbox 833 1263 910 1307; x_wconf 84' lang='lat' dir='ltr'>vera</span> <span class='ocrx_word' id='word_1_63' title='bbox 934 1241 982 1306; x_wconf 93' lang='lat' dir='ltr'>illi</span> <span class='ocrx_word' id='word_1_64' title='bbox 1005 1262 1116 1306; x_wconf 85' lang='lat' dir='ltr'>versus</span> <span class='ocrx_word' id='word_1_65' title='bbox 1140 1262 1187 1322; x_wconf 88' lang='lat' dir='ltr'>eo,</span> <span class='ocrx_word' id='word_1_66' title='bbox 1211 1261 1275 1324; x_wconf 92' lang='lat' dir='ltr'>quo</span> 
     </span>
     <span class='ocr_line' id='line_1_10' title="bbox 242 1343 1274 1430; baseline 0 -22"><span class='ocrx_word' id='word_1_67' title='bbox 242 1343 396 1427; x_wconf 80' lang='lat' dir='ltr'>Didymus</span> <span class='ocrx_word' id='word_1_68' title='bbox 419 1345 496 1425; x_wconf 88' lang='lat' dir='ltr'>vult,</span> <span class='ocrx_word' id='word_1_69' title='bbox 521 1347 716 1430; x_wconf 85' lang='lat' dir='ltr'>pertineant,</span> <span class='ocrx_word' id='word_1_70' title='bbox 740 1346 801 1411; x_wconf 89' lang='lat' dir='ltr'>hoc</span> <span class='ocrx_word' id='word_1_71' title='bbox 818 1347 889 1411; x_wconf 92' lang='lat' dir='ltr'>loco</span> <span class='ocrx_word' id='word_1_72' title='bbox 905 1345 987 1410; x_wconf 90' lang='lat' dir='ltr'>nihil</span> <span class='ocrx_word' id='word_1_73' title='bbox 1002 1345 1104 1410; x_wconf 84' lang='lat' dir='ltr'>refert</span> <span class='ocrx_word' id='word_1_74' title='bbox 1119 1385 1162 1396; x_wconf 93' lang='lat'><em>-</em></span> <span class='ocrx_word' id='word_1_75' title='bbox 1178 1349 1221 1425; x_wconf 90' lang='lat' dir='ltr'>et,</span> <span class='ocrx_word' id='word_1_76' title='bbox 1246 1345 1274 1408; x_wconf 92' lang='lat' dir='ltr'>si</span> 
     </span>
     <span class='ocr_line' id='line_1_11' title="bbox 240 1448 1275 1534; baseline -0.002 -21"><span class='ocrx_word' id='word_1_77' title='bbox 240 1471 370 1514; x_wconf 88' lang='lat' dir='ltr'>carmen</span> <span class='ocrx_word' id='word_1_78' title='bbox 386 1448 588 1533; x_wconf 84' lang='lat' dir='ltr'>Olympicum</span> <span class='ocrx_word' id='word_1_79' title='bbox 612 1450 790 1516; x_wconf 91' lang='lat' dir='ltr'>secundum</span> <span class='ocrx_word' id='word_1_80' title='bbox 812 1471 876 1515; x_wconf 84' lang='lat' dir='ltr'>non</span> <span class='ocrx_word' id='word_1_81' title='bbox 900 1455 976 1515; x_wconf 84' lang='lat' dir='ltr'>ante</span> <span class='ocrx_word' id='word_1_82' title='bbox 999 1449 1140 1534; x_wconf 91' lang='lat' dir='ltr'>primum</span> <span class='ocrx_word' id='word_1_83' title='bbox 1165 1448 1275 1532; x_wconf 93' lang='lat' dir='ltr'>Olym-</span> 
     </span>
     <span class='ocr_line' id='line_1_12' title="bbox 240 1552 1274 1637; baseline 0 -21"><span class='ocrx_word' id='word_1_84' title='bbox 240 1552 345 1636; x_wconf 91' lang='lat' dir='ltr'>piadis</span> <span class='ocrx_word' id='word_1_85' title='bbox 380 1556 420 1617; x_wconf 78' lang='lat'>76</span> <span class='ocrx_word' id='word_1_86' title='bbox 453 1574 572 1618; x_wconf 88' lang='lat' dir='ltr'>annum</span> <span class='ocrx_word' id='word_1_87' title='bbox 603 1555 760 1637; x_wconf 84' lang='lat' dir='ltr'>scriptum</span> <span class='ocrx_word' id='word_1_88' title='bbox 795 1575 864 1618; x_wconf 88' lang='lat' dir='ltr'>esse</span> <span class='ocrx_word' id='word_1_89' title='bbox 905 1557 1052 1634; x_wconf 86' lang='lat' dir='ltr'>constat,</span> <span class='ocrx_word' id='word_1_90' title='bbox 1094 1553 1274 1629; x_wconf 86' lang='lat' dir='ltr'>victoriam,</span> 
     </span>
     <span class='ocr_line' id='line_1_13' title="bbox 241 1656 1276 1740; baseline 0 -20"><span class='ocrx_word' id='word_1_91' title='bbox 241 1679 324 1740; x_wconf 85' lang='lat' dir='ltr'>quae</span> <span class='ocrx_word' id='word_1_92' title='bbox 346 1677 384 1721; x_wconf 86' lang='lat' dir='ltr'>co</span> <span class='ocrx_word' id='word_1_93' title='bbox 408 1658 551 1722; x_wconf 81' lang='lat' dir='ltr'>carmine</span> <span class='ocrx_word' id='word_1_94' title='bbox 570 1656 766 1737; x_wconf 86' lang='lat' dir='ltr'>celebratur,</span> <span class='ocrx_word' id='word_1_95' title='bbox 791 1663 947 1740; x_wconf 88' lang='lat' dir='ltr'>quattuor</span> <span class='ocrx_word' id='word_1_96' title='bbox 962 1658 1056 1723; x_wconf 90' lang='lat' dir='ltr'>annis</span> <span class='ocrx_word' id='word_1_97' title='bbox 1073 1662 1149 1722; x_wconf 88' lang='lat' dir='ltr'>ante</span> <span class='ocrx_word' id='word_1_98' title='bbox 1165 1676 1276 1740; x_wconf 87' lang='lat' dir='ltr'>repor-</span> 
     </span>
     <span class='ocr_line' id='line_1_14' title="bbox 241 1759 1275 1845; baseline 0.001 -21"><span class='ocrx_word' id='word_1_99' title='bbox 241 1767 345 1825; x_wconf 87' lang='lat' dir='ltr'>tatam</span> <span class='ocrx_word' id='word_1_100' title='bbox 368 1782 432 1825; x_wconf 91' lang='lat' dir='ltr'>non</span> <span class='ocrx_word' id='word_1_101' title='bbox 457 1781 525 1825; x_wconf 89' lang='lat' dir='ltr'>esse</span> <span class='ocrx_word' id='word_1_102' title='bbox 547 1759 718 1845; x_wconf 84' lang='lat' dir='ltr'>probabile</span> <span class='ocrx_word' id='word_1_103' title='bbox 741 1766 799 1831; x_wconf 85' lang='lat' dir='ltr'>est.</span> <span class='ocrx_word' id='word_1_104' title='bbox 821 1762 938 1845; x_wconf 87' lang='lat' dir='ltr'>Itaque</span> <span class='ocrx_word' id='word_1_105' title='bbox 961 1762 1142 1827; x_wconf 88' lang='lat' dir='ltr'>Theronem</span> <span class='ocrx_word' id='word_1_106' title='bbox 1166 1760 1275 1845; x_wconf 87' lang='lat' dir='ltr'>Olym·</span> 
     </span>
     <span class='ocr_line' id='line_1_15' title="bbox 241 1865 1047 1948; baseline 0.007 -20"><span class='ocrx_word' id='word_1_107' title='bbox 241 1865 338 1948; x_wconf 86' lang='lat' dir='ltr'>piade</span> <span class='ocrx_word' id='word_1_108' title='bbox 362 1870 402 1930; x_wconf 87' lang='lat'>76</span> <span class='ocrx_word' id='word_1_109' title='bbox 428 1865 596 1948; x_wconf 84' lang='lat' dir='ltr'>Olympiae</span> <span class='ocrx_word' id='word_1_110' title='bbox 620 1866 734 1930; x_wconf 89' lang='lat' dir='ltr'>vicisse</span> <span class='ocrx_word' id='word_1_111' title='bbox 758 1866 968 1931; x_wconf 88' lang='lat' dir='ltr'>statuendum</span> <span class='ocrx_word' id='word_1_112' title='bbox 990 1871 1047 1936; x_wconf 88' lang='lat' dir='ltr'>est.</span> 
     </span>
    </p>

    <p class='ocr_par' dir='ltr' id='par_1_3' title="bbox 238 1969 1279 3199">
     <span class='ocr_line' id='line_1_16' title="bbox 310 1969 1276 2054; baseline 0.004 -24"><span class='ocrx_word' id='word_1_113' title='bbox 310 1970 374 2034; x_wconf 88' lang='lat' dir='ltr'>lam</span> <span class='ocrx_word' id='word_1_114' title='bbox 409 1969 629 2052; x_wconf 88' lang='lat' dir='ltr'>indagandum</span> <span class='ocrx_word' id='word_1_115' title='bbox 663 1991 733 2035; x_wconf 90' lang='lat' dir='ltr'>esse</span> <span class='ocrx_word' id='word_1_116' title='bbox 768 1977 865 2054; x_wconf 89' lang='lat' dir='ltr'>puto,</span> <span class='ocrx_word' id='word_1_117' title='bbox 904 1976 1013 2036; x_wconf 91' lang='lat' dir='ltr'>utrum</span> <span class='ocrx_word' id='word_1_118' title='bbox 1048 1971 1208 2036; x_wconf 87' lang='lat' dir='ltr'>Pindarus</span> <span class='ocrx_word' id='word_1_119' title='bbox 1242 1971 1276 2034; x_wconf 89' lang='lat' dir='ltr'>in</span> 
     </span>
     <span class='ocr_line' id='line_1_17' title="bbox 243 2073 1276 2142; baseline 0.001 -4"><span class='ocrx_word' id='word_1_120' title='bbox 243 2075 382 2138; x_wconf 87' lang='lat' dir='ltr'>Graecia</span> <span class='ocrx_word' id='word_1_121' title='bbox 419 2094 460 2137; x_wconf 87' lang='lat' dir='ltr'>an</span> <span class='ocrx_word' id='word_1_122' title='bbox 495 2075 528 2137; x_wconf 93' lang='lat' dir='ltr'>in</span> <span class='ocrx_word' id='word_1_123' title='bbox 561 2073 671 2139; x_wconf 88' lang='lat' dir='ltr'>Sicilia</span> <span class='ocrx_word' id='word_1_124' title='bbox 705 2075 881 2141; x_wconf 91' lang='lat' dir='ltr'>secundum</span> <span class='ocrx_word' id='word_1_125' title='bbox 914 2081 948 2142; x_wconf 92' lang='lat' dir='ltr'>et</span> <span class='ocrx_word' id='word_1_126' title='bbox 981 2076 1113 2142; x_wconf 89' lang='lat' dir='ltr'>tertium</span> <span class='ocrx_word' id='word_1_127' title='bbox 1147 2097 1276 2141; x_wconf 83' lang='lat' dir='ltr'>carmen</span> 
     </span>
     <span class='ocr_line' id='line_1_18' title="bbox 239 2178 1276 2264; baseline 0.001 -21"><span class='ocrx_word' id='word_1_128' title='bbox 239 2178 442 2262; x_wconf 89' lang='lat' dir='ltr'>Olympicum</span> <span class='ocrx_word' id='word_1_129' title='bbox 467 2180 703 2262; x_wconf 84' lang='lat' dir='ltr'>composuerit,</span> <span class='ocrx_word' id='word_1_130' title='bbox 735 2186 771 2244; x_wconf 89' lang='lat' dir='ltr'>ut</span> <span class='ocrx_word' id='word_1_131' title='bbox 794 2184 928 2264; x_wconf 90' lang='lat' dir='ltr'>postea,</span> <span class='ocrx_word' id='word_1_132' title='bbox 964 2202 1037 2246; x_wconf 91' lang='lat' dir='ltr'>cum</span> <span class='ocrx_word' id='word_1_133' title='bbox 1061 2179 1100 2246; x_wconf 92' lang='lat' dir='ltr'>de</span> <span class='ocrx_word' id='word_1_134' title='bbox 1124 2180 1276 2245; x_wconf 89' lang='lat' dir='ltr'>carminis</span> 
     </span>
     <span class='ocr_line' id='line_1_19' title="bbox 238 2281 1276 2366; baseline -0.001 -19"><span class='ocrx_word' id='word_1_135' title='bbox 238 2283 327 2347; x_wconf 89' lang='lat' dir='ltr'>tertii</span> <span class='ocrx_word' id='word_1_136' title='bbox 350 2303 446 2346; x_wconf 87' lang='lat' dir='ltr'>versu</span> <span class='ocrx_word' id='word_1_137' title='bbox 479 2283 521 2346; x_wconf 88' lang='lat'>34</span> <span class='ocrx_word' id='word_1_138' title='bbox 550 2281 784 2364; x_wconf 87' lang='lat' dir='ltr'>disputandum</span> <span class='ocrx_word' id='word_1_139' title='bbox 816 2286 896 2366; x_wconf 86' lang='lat' dir='ltr'>erit,</span> <span class='ocrx_word' id='word_1_140' title='bbox 932 2285 1026 2350; x_wconf 89' lang='lat' dir='ltr'>firmo</span> <span class='ocrx_word' id='word_1_141' title='bbox 1066 2281 1276 2350; x_wconf 81' lang='lat' dir='ltr'>fundamento</span> 
     </span>
     <span class='ocr_line' id='line_1_20' title="bbox 239 2386 1277 2472; baseline 0 -22"><span class='ocrx_word' id='word_1_142' title='bbox 239 2387 390 2454; x_wconf 86' lang='lat' dir='ltr'>nitamur.</span> <span class='ocrx_word' id='word_1_143' title='bbox 434 2386 593 2452; x_wconf 86' lang='lat' dir='ltr'>Carminis</span> <span class='ocrx_word' id='word_1_144' title='bbox 618 2387 901 2472; x_wconf 86' lang='lat' dir='ltr'>Olympiciprimi</span> <span class='ocrx_word' id='word_1_145' title='bbox 922 2395 1115 2472; x_wconf 83' lang='lat' dir='ltr'>argumento</span> <span class='ocrx_word' id='word_1_146' title='bbox 1139 2393 1277 2472; x_wconf 88' lang='lat' dir='ltr'>apparet</span> 
     </span>
     <span class='ocr_line' id='line_1_21' title="bbox 243 2471 1278 2573; baseline 0.001 -20"><span class='ocrx_word' id='word_1_147' title='bbox 243 2489 436 2569; x_wconf 80' lang='lat' dir='ltr'>Pindarum,</span> <span class='ocrx_word' id='word_1_148' title='bbox 458 2511 531 2555; x_wconf 92' lang='lat' dir='ltr'>cum</span> <span class='ocrx_word' id='word_1_149' title='bbox 554 2490 637 2555; x_wconf 90' lang='lat' dir='ltr'>illud</span> <span class='ocrx_word' id='word_1_150' title='bbox 659 2512 791 2556; x_wconf 87' lang='lat' dir='ltr'>carmcn</span> <span class='ocrx_word' id='word_1_151' title='bbox 815 2471 986 2573; x_wconf 75' lang='lat' dir='ltr'>scriberet,</span> <span class='ocrx_word' id='word_1_152' title='bbox 1001 2499 1004 2506; x_wconf 62' lang='lat'><strong>⁴</strong></span> <span class='ocrx_word' id='word_1_153' title='bbox 1017 2493 1051 2557; x_wconf 90' lang='lat' dir='ltr'>in</span> <span class='ocrx_word' id='word_1_154' title='bbox 1076 2492 1186 2558; x_wconf 85' lang='lat' dir='ltr'>Sicilia</span> <span class='ocrx_word' id='word_1_155' title='bbox 1209 2511 1278 2554; x_wconf 84' lang='lat' dir='ltr'>ver-</span> 
     </span>
     <span class='ocr_line' id='line_1_22' title="bbox 241 2593 1276 2680; baseline 0 -23"><span class='ocrx_word' id='word_1_156' title='bbox 241 2600 347 2658; x_wconf 89' lang='lat' dir='ltr'>satum</span> <span class='ocrx_word' id='word_1_157' title='bbox 371 2615 440 2658; x_wconf 87' lang='lat' dir='ltr'>esse</span> <span class='ocrx_word' id='word_1_158' title='bbox 452 2595 486 2679; x_wconf 65' lang='grc'>2).</span> <span class='ocrx_word' id='word_1_159' title='bbox 531 2593 611 2660; x_wconf 90' lang='lat' dir='ltr'>Inde</span> <span class='ocrx_word' id='word_1_160' title='bbox 640 2594 808 2678; x_wconf 89' lang='lat' dir='ltr'>profectus</span> <span class='ocrx_word' id='word_1_161' title='bbox 832 2596 992 2680; x_wconf 88' lang='lat' dir='ltr'>Bergkius</span> <span class='ocrx_word' id='word_1_162' title='bbox 1024 2597 1122 2662; x_wconf 88' lang='lat' dir='ltr'>etiam</span> <span class='ocrx_word' id='word_1_163' title='bbox 1147 2615 1276 2660; x_wconf 88' lang='lat' dir='ltr'>carmen</span> 
     </span>
     <span class='ocr_line' id='line_1_23' title="bbox 241 2698 1278 2783; baseline 0.001 -22"><span class='ocrx_word' id='word_1_164' title='bbox 241 2698 444 2781; x_wconf 89' lang='lat' dir='ltr'>Olympicum</span> <span class='ocrx_word' id='word_1_165' title='bbox 467 2698 643 2764; x_wconf 88' lang='lat' dir='ltr'>secundnm</span> <span class='ocrx_word' id='word_1_166' title='bbox 668 2706 701 2765; x_wconf 89' lang='lat' dir='ltr'>et</span> <span class='ocrx_word' id='word_1_167' title='bbox 723 2701 856 2765; x_wconf 90' lang='lat' dir='ltr'>tertium</span> <span class='ocrx_word' id='word_1_168' title='bbox 879 2701 913 2764; x_wconf 91' lang='lat' dir='ltr'>in</span> <span class='ocrx_word' id='word_1_169' title='bbox 930 2700 1042 2766; x_wconf 76' lang='lat' dir='ltr'>Sicilia</span> <span class='ocrx_word' id='word_1_170' title='bbox 1062 2700 1278 2783; x_wconf 89' lang='lat' dir='ltr'>compositum</span> 
     </span>
     <span class='ocr_line' id='line_1_24' title="bbox 241 2802 1278 2888; baseline 0.001 -23"><span class='ocrx_word' id='word_1_171' title='bbox 241 2823 310 2866; x_wconf 87' lang='lat' dir='ltr'>esse</span> <span class='ocrx_word' id='word_1_172' title='bbox 333 2802 517 2883; x_wconf 88' lang='lat' dir='ltr'>contendit,</span> <span class='ocrx_word' id='word_1_173' title='bbox 557 2825 630 2868; x_wconf 88' lang='lat' dir='ltr'>cum</span> <span class='ocrx_word' id='word_1_174' title='bbox 653 2808 751 2888; x_wconf 72' lang='lat' dir='ltr'>pobta</span> <span class='ocrx_word' id='word_1_175' title='bbox 779 2806 812 2869; x_wconf 89' lang='lat' dir='ltr'>in</span> <span class='ocrx_word' id='word_1_176' title='bbox 837 2805 979 2870; x_wconf 90' lang='lat' dir='ltr'>carmine</span> <span class='ocrx_word' id='word_1_177' title='bbox 1003 2805 1101 2870; x_wconf 89' lang='lat' dir='ltr'>tertio</span> <span class='ocrx_word' id='word_1_178' title='bbox 1125 2802 1278 2868; x_wconf 76' lang='lat' dir='ltr'>carminis</span> 
     </span>
     <span class='ocr_line' id='line_1_25' title="bbox 241 2905 1279 2994; baseline 0.001 -25"><span class='ocrx_word' id='word_1_179' title='bbox 241 2905 339 2990; x_wconf 86' lang='lat' dir='ltr'>primi</span> <span class='ocrx_word' id='word_1_180' title='bbox 362 2928 490 2972; x_wconf 87' lang='lat' dir='ltr'>versum</span> <span class='ocrx_word' id='word_1_181' title='bbox 520 2909 661 2992; x_wconf 90' lang='lat' dir='ltr'>primum</span> <span class='ocrx_word' id='word_1_182' title='bbox 692 2911 872 2992; x_wconf 83' lang='lat' dir='ltr'>respexerit</span> <span class='ocrx_word' id='word_1_183' title='bbox 882 2911 928 2994; x_wconf 86' lang='lat'>³);</span> <span class='ocrx_word' id='word_1_184' title='bbox 968 2929 1034 2993; x_wconf 89' lang='lat' dir='ltr'>qua</span> <span class='ocrx_word' id='word_1_185' title='bbox 1063 2930 1098 2973; x_wconf 85' lang='lat' dir='ltr'>re</span> <span class='ocrx_word' id='word_1_186' title='bbox 1129 2906 1279 2991; x_wconf 83' lang='lat' dir='ltr'>cognosci</span> 
     </span>
     <span class='ocr_line' id='line_1_26' title="bbox 241 3010 1279 3097; baseline 0.003 -23"><span class='ocrx_word' id='word_1_187' title='bbox 241 3010 301 3074; x_wconf 88' lang='lat' dir='ltr'>hoc</span> <span class='ocrx_word' id='word_1_188' title='bbox 317 3031 446 3075; x_wconf 87' lang='lat' dir='ltr'>carmen</span> <span class='ocrx_word' id='word_1_189' title='bbox 470 3013 560 3095; x_wconf 89' lang='lat' dir='ltr'>prius</span> <span class='ocrx_word' id='word_1_190' title='bbox 576 3014 733 3097; x_wconf 90' lang='lat' dir='ltr'>scriptum</span> <span class='ocrx_word' id='word_1_191' title='bbox 751 3036 819 3078; x_wconf 85' lang='lat' dir='ltr'>csso</span> <span class='ocrx_word' id='word_1_192' title='bbox 836 3035 934 3096; x_wconf 91' lang='lat' dir='ltr'>qnam</span> <span class='ocrx_word' id='word_1_193' title='bbox 950 3012 1042 3093; x_wconf 90' lang='lat' dir='ltr'>illud,</span> <span class='ocrx_word' id='word_1_194' title='bbox 1067 3012 1153 3095; x_wconf 91' lang='lat' dir='ltr'>quod</span> <span class='ocrx_word' id='word_1_195' title='bbox 1170 3011 1279 3096; x_wconf 91' lang='lat' dir='ltr'>Olym-</span> 
     </span>
     <span class='ocr_line' id='line_1_27' title="bbox 242 3113 1279 3199; baseline 0.002 -21"><span class='ocrx_word' id='word_1_196' title='bbox 242 3113 338 3198; x_wconf 86' lang='lat' dir='ltr'>piade</span> <span class='ocrx_word' id='word_1_197' title='bbox 355 3115 396 3180; x_wconf 81' lang='grc'>76</span> <span class='ocrx_word' id='word_1_198' title='bbox 419 3117 634 3199; x_wconf 89' lang='lat' dir='ltr'>compositum</span> <span class='ocrx_word' id='word_1_199' title='bbox 659 3137 729 3182; x_wconf 88' lang='lat' dir='ltr'>esse</span> <span class='ocrx_word' id='word_1_200' title='bbox 753 3117 1056 3185; x_wconf 85' lang='lat' dir='ltr'>demonstravimus.</span> <span class='ocrx_word' id='word_1_201' title='bbox 1087 3115 1149 3182; x_wconf 86' lang='lat' dir='ltr'>Sed</span> <span class='ocrx_word' id='word_1_202' title='bbox 1166 3115 1279 3181; x_wconf 90' lang='lat' dir='ltr'>eodem</span> 
     </span>
    </p>
   </div>
   <div class='ocr_carea' id='block_1_3' title="bbox 243 3305 1281 3580">
    <p class='ocr_par' dir='ltr' id='par_1_4' title="bbox 243 3305 1281 3580">
     <span class='ocr_line' id='line_1_28' title="bbox 297 3305 1279 3384; baseline 0.007 -25"><span class='ocrx_word' id='word_1_203' title='bbox 297 3306 317 3374; x_wconf 89' lang='lat'>1)</span> <span class='ocrx_word' id='word_1_204' title='bbox 334 3306 366 3360; x_wconf 90' lang='lat' dir='ltr'>In</span> <span class='ocrx_word' id='word_1_205' title='bbox 385 3305 470 3360; x_wconf 85' lang='lat' dir='ltr'>schol.</span> <span class='ocrx_word' id='word_1_206' title='bbox 490 3307 561 3360; x_wconf 90' lang='lat' dir='ltr'>enim</span> <span class='ocrx_word' id='word_1_207' title='bbox 579 3307 616 3362; x_wconf 88' lang='lat' dir='ltr'>ad</span> <span class='ocrx_word' id='word_1_208' title='bbox 634 3307 675 3362; x_wconf 87' lang='lat'>01.</span> <span class='ocrx_word' id='word_1_209' title='bbox 695 3308 773 3362; x_wconf 78' lang='lat'>1129</span> <span class='ocrx_word' id='word_1_210' title='bbox 791 3312 836 3377; x_wconf 75' lang='lat' dir='ltr'>(z</span> <span class='ocrx_word' id='word_1_211' title='bbox 856 3311 898 3374; x_wconf 76' lang='lat'>15)</span> <span class='ocrx_word' id='word_1_212' title='bbox 917 3307 1045 3378; x_wconf 83' lang='lat' dir='ltr'>legimus:</span> <span class='ocrx_word' id='word_1_213' title='bbox 1070 3309 1084 3367; x_wconf 78' lang='lat' dir='ltr'>b</span> <span class='ocrx_word' id='word_1_214' title='bbox 1106 3308 1137 3368; x_wconf 79' lang='grc' dir='ltr'>δὲ</span> <span class='ocrx_word' id='word_1_215' title='bbox 1158 3307 1279 3384; x_wconf 81' lang='grc' dir='ltr'>Δίδυμος</span> 
     </span>
     <span class='ocr_line' id='line_1_29' title="bbox 243 3401 1279 3484; baseline 0.002 -25"><span class='ocrx_word' id='word_1_216' title='bbox 243 3402 275 3460; x_wconf 85' lang='grc' dir='ltr'>τὸ</span> <span class='ocrx_word' id='word_1_217' title='bbox 303 3401 498 3481; x_wconf 79' lang='grc' dir='ltr'>ἀκριβέστερον</span> <span class='ocrx_word' id='word_1_218' title='bbox 530 3407 580 3481; x_wconf 88' lang='grc' dir='ltr'>τῆς</span> <span class='ocrx_word' id='word_1_219' title='bbox 610 3403 731 3482; x_wconf 81' lang='grc' dir='ltr'>ἱστορίας</span> <span class='ocrx_word' id='word_1_220' title='bbox 763 3404 901 3464; x_wconf 77' lang='grc' dir='ltr'>ἐκτίθεται</span> <span class='ocrx_word' id='word_1_221' title='bbox 934 3405 1061 3484; x_wconf 79' lang='grc' dir='ltr'>μάρτυρα</span> <span class='ocrx_word' id='word_1_222' title='bbox 1086 3403 1205 3481; x_wconf 77' lang='grc' dir='ltr'>Τίμαιον</span> <span class='ocrx_word' id='word_1_223' title='bbox 1232 3405 1279 3462; x_wconf 88' lang='grc' dir='ltr'>τὸν</span> 
     </span>
     <span class='ocr_line' id='line_1_30' title="bbox 245 3497 1281 3580; baseline 0.005 -24"><span class='ocrx_word' id='word_1_224' title='bbox 245 3497 414 3565; x_wconf 75' lang='grc' dir='ltr'>συντάξαντα</span> <span class='ocrx_word' id='word_1_225' title='bbox 442 3499 476 3558; x_wconf 84' lang='grc' dir='ltr'>τὰ</span> <span class='ocrx_word' id='word_1_226' title='bbox 499 3499 561 3578; x_wconf 86' lang='grc' dir='ltr'>περὶ</span> <span class='ocrx_word' id='word_1_227' title='bbox 586 3505 636 3578; x_wconf 80' lang='grc' dir='ltr'>τῆς</span> <span class='ocrx_word' id='word_1_228' title='bbox 658 3499 785 3565; x_wconf 84' lang='grc' dir='ltr'>Σικελίας</span> <span class='ocrx_word' id='word_1_229' title='bbox 812 3500 1035 3580; x_wconf 74' lang='grc' dir='ltr'>προφερόμενος,</span> <span class='ocrx_word' id='word_1_230' title='bbox 1059 3528 1085 3538; x_wconf 76' lang='grc'>-</span> <span class='ocrx_word' id='word_1_231' title='bbox 1110 3514 1179 3569; x_wconf 71' lang='lat' dir='ltr'>quae</span> <span class='ocrx_word' id='word_1_232' title='bbox 1198 3499 1281 3553; x_wconf 65' lang='lat' dir='ltr'>Verba</span> 
     </span>
    </p>
   </div>
   <div class='ocr_carea' id='block_1_4' title="bbox 243 3593 1281 3748">
    <p class='ocr_par' dir='ltr' id='par_1_5' title="bbox 243 3593 1281 3748">
     <span class='ocr_line' id='line_1_31' title="bbox 244 3593 1281 3666; baseline 0.002 -21"><span class='ocrx_word' id='word_1_233' title='bbox 244 3593 365 3662; x_wconf 86' lang='lat' dir='ltr'>seqnitur</span> <span class='ocrx_word' id='word_1_234' title='bbox 392 3607 482 3648; x_wconf 80' lang='lat' dir='ltr'>rerum</span> <span class='ocrx_word' id='word_1_235' title='bbox 516 3594 696 3649; x_wconf 83' lang='lat' dir='ltr'>Siciliensinm</span> <span class='ocrx_word' id='word_1_236' title='bbox 716 3596 863 3665; x_wconf 87' lang='lat' dir='ltr'>expositio,</span> <span class='ocrx_word' id='word_1_237' title='bbox 895 3613 973 3666; x_wconf 84' lang='lat' dir='ltr'>quam</span> <span class='ocrx_word' id='word_1_238' title='bbox 1007 3596 1059 3651; x_wconf 90' lang='lat' dir='ltr'>hoc</span> <span class='ocrx_word' id='word_1_239' title='bbox 1091 3596 1150 3654; x_wconf 90' lang='lat' dir='ltr'>loco</span> <span class='ocrx_word' id='word_1_240' title='bbox 1183 3594 1281 3651; x_wconf 81' lang='lat' dir='ltr'>afferre</span> 
     </span>
     <span class='ocr_line' id='line_1_32' title="bbox 243 3679 421 3748; baseline 0.034 -17"><span class='ocrx_word' id='word_1_241' title='bbox 243 3679 353 3748; x_wconf 86' lang='lat' dir='ltr'>longum</span> <span class='ocrx_word' id='word_1_242' title='bbox 371 3685 421 3737; x_wconf 81' lang='lat' dir='ltr'>est.</span> 
     </span>
    </p>
   </div>
   <div class='ocr_carea' id='block_1_5' title="bbox 297 3775 1094 4148">
    <p class='ocr_par' dir='ltr' id='par_1_6' title="bbox 297 3775 1094 4148">
     <span class='ocr_line' id='line_1_33' title="bbox 297 3775 944 3858; baseline 0.019 -30"><span class='ocrx_word' id='word_1_243' title='bbox 297 3777 318 3844; x_wconf 73' lang='grc'>2)</span> <span class='ocrx_word' id='word_1_244' title='bbox 339 3775 440 3831; x_wconf 81' lang='lat' dir='ltr'>Cf.01.</span> <span class='ocrx_word' id='word_1_245' title='bbox 459 3777 472 3830; x_wconf 93' lang='grc' dir='ltr'>Ι</span> <span class='ocrx_word' id='word_1_246' title='bbox 493 3778 609 3833; x_wconf 80' lang='lat'>16-17:</span> <span class='ocrx_word' id='word_1_247' title='bbox 645 3777 690 3838; x_wconf 81' lang='grc' dir='ltr'>οἶα</span> <span class='ocrx_word' id='word_1_248' title='bbox 711 3780 844 3857; x_wconf 71' lang='grc' dir='ltr'>παίζομεν</span> <span class='ocrx_word' id='word_1_249' title='bbox 864 3779 944 3858; x_wconf 78' lang='grc' dir='ltr'>φίλαν</span> 
     </span>
     <span class='ocr_line' id='line_1_34' title="bbox 642 3871 1094 3954; baseline 0.004 -22"><span class='ocrx_word' id='word_1_250' title='bbox 642 3871 738 3953; x_wconf 75' lang='grc' dir='ltr'>ἄνδρες</span> <span class='ocrx_word' id='word_1_251' title='bbox 759 3875 830 3954; x_wconf 80' lang='grc' dir='ltr'>ἀμφὶ</span> <span class='ocrx_word' id='word_1_252' title='bbox 851 3875 931 3953; x_wconf 78' lang='grc' dir='ltr'>θαμὰ</span> <span class='ocrx_word' id='word_1_253' title='bbox 951 3875 1094 3954; x_wconf 77' lang='grc' dir='ltr'>τράπεζαν.</span> 
     </span>
     <span class='ocr_line' id='line_1_35' title="bbox 299 3965 867 4049; baseline 0.014 -26"><span class='ocrx_word' id='word_1_254' title='bbox 299 3969 321 4034; x_wconf 82' lang='lat'>³)</span> <span class='ocrx_word' id='word_1_255' title='bbox 339 3966 380 4020; x_wconf 79' lang='lat' dir='ltr'>Cf.</span> <span class='ocrx_word' id='word_1_256' title='bbox 400 3965 440 4020; x_wconf 83' lang='lat' dir='ltr'>Ol·</span> <span class='ocrx_word' id='word_1_257' title='bbox 462 3965 473 4019; x_wconf 89' lang='grc' dir='ltr'>Ι</span> <span class='ocrx_word' id='word_1_258' title='bbox 495 3965 649 4046; x_wconf 78' lang='grc' dir='ltr'>1.σ’ίριστον</span> <span class='ocrx_word' id='word_1_259' title='bbox 671 3970 721 4048; x_wconf 81' lang='grc' dir='ltr'>μὲν</span> <span class='ocrx_word' id='word_1_260' title='bbox 743 3970 817 4049; x_wconf 69' lang='grc' dir='ltr'>ὕδωρ</span> <span class='ocrx_word' id='word_1_261' title='bbox 839 3974 867 4024; x_wconf 73' lang='lat' dir='ltr'>et</span> 
     </span>
     <span class='ocr_line' id='line_1_36' title="bbox 359 4061 1074 4148; baseline 0.013 -29"><span class='ocrx_word' id='word_1_262' title='bbox 359 4061 400 4119; x_wconf 91' lang='lat'>01.</span> <span class='ocrx_word' id='word_1_263' title='bbox 421 4062 519 4119; x_wconf 76' lang='lat'>11142.</span> <span class='ocrx_word' id='word_1_264' title='bbox 538 4063 562 4124; x_wconf 83' lang='grc' dir='ltr'>εἰ</span> <span class='ocrx_word' id='word_1_265' title='bbox 583 4064 607 4123; x_wconf 85' lang='grc' dir='ltr'>δ’</span> <span class='ocrx_word' id='word_1_266' title='bbox 628 4064 767 4146; x_wconf 76' lang='grc' dir='ltr'>ἀριστεύει</span> <span class='ocrx_word' id='word_1_267' title='bbox 787 4065 837 4145; x_wconf 82' lang='grc' dir='ltr'>μὲν</span> <span class='ocrx_word' id='word_1_268' title='bbox 860 4065 935 4148; x_wconf 76' lang='grc' dir='ltr'>ὕδωρ</span> <span class='ocrx_word' id='word_1_269' title='bbox 956 4111 1074 4130; x_wconf 87' lang='grc'><strong>.....</strong></span> 
     </span>
    </p>
   </div>
   <div class='ocr_carea' id='block_1_6' title="bbox 0 0 1557 4648">
    <p class='ocr_par' dir='ltr' id='par_1_7' title="bbox 0 0 1557 4648">
     <span class='ocr_line' id='line_1_37' title="bbox 0 0 1557 4648; baseline 0 0"><span class='ocrx_word' id='word_1_270' title='bbox 0 0 1557 4648; x_wconf 95' lang='lat' dir='ltr'> </span> 
     </span>
    </p>
   </div>
  </div>
 </body>
</html>
