3088 4648
673 269 896 360 --rs--¹

270 463 311 531 ob
334 485 404 531 eam
428 485 558 532 causam
580 467 680 532 statui
703 487 767 532 non
790 474 905 550 potest,
929 467 1015 551 quod
1040 489 1170 534 carmen
1193 470 1302 555 Olym·

270 570 343 653 piae
355 568 441 634 ludis
456 569 599 636 nondum
611 571 753 654 peractis
769 572 987 655 conscriptum
1004 592 1073 636 esse
1086 575 1302 655 cognovimus.

271 672 411 738 Pindaro
433 674 551 756 igitur,
583 695 646 756 quo
676 673 728 739 die
751 674 856 740 Thero
889 674 1057 740 victoriam
1080 675 1304 743 celebraturus

272 782 368 857 esset,
392 777 445 841 rix
469 782 583 843 notum
606 800 678 843 esse
700 783 840 862 poterat,
862 781 974 863 itaque
996 799 1136 860 carmen,
1160 780 1247 863 quod
1262 779 1305 846 ad

272 878 439 947 victoriam
455 881 708 965 praedicandam
724 884 887 967 pertinere
905 883 984 947 mihi
999 904 1063 948 non
1079 883 1187 948 minus
1207 904 1305 966 quam

271 983 432 1050 Boeckhio
455 1006 647 1069 persuasum
671 992 737 1065 est,
768 1007 805 1051 eo
829 986 962 1053 consilio
985 1007 1005 1051 a
1027 990 1125 1070 poeta
1148 986 1305 1071 composi-

271 1092 340 1152 tum
365 1109 435 1153 esse
457 1089 581 1172 nequit,
605 1091 695 1154 utin
717 1090 897 1155 theoxeniis
919 1090 1123 1158 recitaretur.

339 1191 408 1257 Iam
425 1213 472 1274 ea,
496 1213 580 1275 quae
597 1192 793 1258 Schmidtius
810 1192 850 1259 de
867 1195 1009 1259 carmine
1023 1193 1190 1278 Olympico
1206 1194 1305 1260 tertio

273 1294 443 1377 iudicavit,
475 1295 712 1366 consideranda
735 1303 818 1365 sunt.
864 1297 1001 1362 Carmen
1023 1317 1087 1361 non
1111 1317 1149 1361 eo
1172 1297 1305 1362 oonsilio

273 1421 293 1465 a
324 1403 422 1483 poeta
453 1401 672 1484 conscriptum
696 1423 765 1466 esse
788 1400 984 1482 arbitratus,
1017 1405 1054 1464 ut
1076 1399 1204 1482 publice
1226 1400 1307 1466 reci-

274 1508 419 1585 taretur,
451 1503 636 1576 Pindarum
652 1506 747 1587 qnasi
771 1504 910 1588 epistula
932 1504 965 1567 in
989 1504 1148 1586 poematis
1169 1503 1306 1568 sormam

274 1606 411 1672 redacta
434 1606 615 1673 Theronem
639 1608 808 1672 certiorem
841 1606 948 1672 facere
971 1606 1138 1686 contendit
1160 1628 1194 1672 se
1218 1605 1307 1671 brevi

273 1716 348 1794 post
370 1717 502 1796 proprio
526 1712 668 1776 carmine
691 1710 893 1795 splendidam
925 1712 994 1776 eius
1024 1711 1192 1786 victoriam
1215 1731 1308 1794 prae·

277 1813 464 1880 dicaturum
488 1815 602 1902 esse1).
626 1814 678 1879 Ad
694 1836 791 1897 quam
815 1815 1008 1879 sententiam
1030 1833 1069 1881 ea
1091 1835 1126 1878 re
1142 1803 1308 1878 ¹adductus

275 1924 342 1997 est,
379 1917 466 2001 quod
497 1939 687 2001 persuasum
719 1918 818 1983 habet
847 1939 977 1983 carmen
1006 1918 1209 2002 Olympicum
1243 1922 1308 1981 ter-

274 2021 356 2087 tium
390 2041 409 2085 a
439 2021 582 2086 Pindaro
607 2021 777 2104 Olympiae
807 2022 893 2086 inter·
922 2022 1010 2104 ipsos
1033 2020 1128 2086 ludos
1151 2021 1309 2103 scriptum

276 2129 309 2188 et
331 2124 446 2207 legatis
468 2124 635 2202 Theronis,
659 2145 731 2188 oum
755 2124 787 2188 in
811 2125 951 2207 patriam
974 2123 1129 2203 redirent,
1153 2122 1309 2188 traditum

277 2247 363 2307 esse,
397 2234 434 2291 ut
463 2227 506 2292 ad
536 2226 701 2292 dominum
733 2225 907 2295 deferrent.
954 2226 1017 2293 Sed
1051 2225 1212 2309 quomodo
1235 2224 1310 2290 inde

277 2330 386 2414 colligi
409 2332 513 2413 possit
533 2330 595 2395 hoc
618 2351 748 2395 carmen
770 2332 877 2414 ipsum
901 2352 964 2396 non
992 2329 1035 2396 ad
1057 2327 1309 2414 praedicandam

278 2432 433 2499 Theronis
457 2434 624 2500 victoriam
646 2441 811 2519 spectare,
847 2433 995 2518 equidem
1025 2433 1215 2516 intellegere
1246 2452 1310 2497 non

278 2557 418 2618 possum.
462 2538 639 2622 Praecipue
670 2543 778 2602 autem
805 2540 921 2604 nititur
945 2537 1142 2605 Schmidtius
1164 2534 1310 2601 versibus

278 2641 381 2707 6-9:

364 2741 439 2809 ἐπεὶ
460 2742 603 2828 χαίταισι
625 2744 685 2828 μὲν
707 2745 897 2830 ζευχθέντες
920 2741 976 2813 ἔτει
998 2742 1150 2833 στέφανοι

366 2843 543 2936 πράσσοντί
565 2872 608 2932 με
629 2855 726 2914 τοῦτο
747 2845 930 2937 θεόδμητον
951 2848 1046 2938 χρέος

366 2947 532 3041 φόρμιγγα
553 2976 589 3018 τε
611 2947 840 3042 ποικιλόγαρυν
861 2953 916 3019 καὶ
936 2952 1015 3038 βοὰν
1036 2946 1139 3017 αὐλῶν
1161 2946 1264 3018 ἐπέων
1277 2971 1314 3014 τε

849 3057 942 3122 θέσιν

366 3154 595 3247 Αἰνησιδάμου
636 3162 731 3228 παιδὶ
770 3159 930 3245 συμμίξαι
967 3155 1174 3250 πρεπόντως,
1215 3152 1236 3223 ἅ
1279 3179 1315 3222 τε

852 3263 943 3331 Πίσα
963 3287 1005 3346 με
1027 3266 1182 3349 γεγωνεῖν,

282 3367 399 3451 quibus
432 3372 531 3452 poeta
562 3370 689 3436 coronis
723 3368 865 3435 crinibus
890 3369 1016 3433 innexis
1047 3366 1188 3432 officium
1212 3387 1232 3431 a
1255 3364 1315 3430 deo

283 3472 495 3537 constitutum
511 3493 532 3538 a
550 3495 584 3539 se
605 3473 689 3556 exigi
710 3473 796 3542 dicit.
819 3473 860 3536 lis
877 3476 988 3536 autem
1000 3471 1106 3536 verbis
1120 3469 1316 3536 Schmidtius

283 3574 422 3640 indicari
444 3580 540 3658 putat
557 3575 744 3658 Pindarum,
768 3582 943 3659 antequam
964 3574 1033 3639 ludi
1054 3574 1224 3658 Olympici,
1247 3573 1317 3657 qui-

284 3678 344 3742 bns
368 3676 472 3744 Thero
495 3678 598 3745 victor
619 3681 825 3745 renuntiatus
849 3684 916 3759 est,
951 3677 1122 3755 adessent,
1158 3677 1317 3760 Agrigen-

287 3783 430 3847 tinorum
453 3785 522 3867 regi
544 3783 731 3869 promisisse
755 3805 788 3849 se
812 3785 947 3848 virtutes
969 3782 1038 3846 eius
1063 3782 1204 3845 carmine
1225 3800 1318 3864 prae-

290 3925 486 3936 b———w

339 3992 359 4060 ¹)
379 3989 420 4045 cf.
441 3989 563 4045 Schmidt
580 3992 599 4050 1.
617 3992 634 4044 l.
653 4005 699 4060 pg.
718 3989 777 4045 213.
