3088 4648
684 315 898 380 ..ρο-

279 486 381 551 Musis
403 489 608 568 acceperunt,
631 490 669 549 ut
691 486 740 566 iis,
764 486 819 569 qui
842 486 875 549 in
897 484 983 549 ludis
1005 485 1040 549 in
1064 484 1199 551 deorum
1213 483 1311 550 hono·

277 610 347 655 rem
369 587 532 653 institutis
555 589 693 652 victores
714 588 892 654 renuntiati
923 588 1006 668 sint,
1040 587 1174 653 meritas
1197 586 1311 654 laudes

277 691 443 773 tribuent3
476 689 550 756 ideo
582 689 643 755 hoc
677 689 818 756 officium
851 691 922 756 iure
955 711 975 754 a
1004 690 1064 756 deo
1097 692 1312 756 constitutum
1413 686 1419 697 ‘

278 796 408 862 dicitur.
453 793 564 859 Verba
594 795 642 858 ita
673 793 866 877 explicanda
894 814 964 859 csso
986 793 1093 870 verbis
1116 794 1215 878 paulo
1238 796 1313 877 post

278 898 490 982 sequentibus
519 892 679 985 θεόμοροι
701 892 811 963 ἀοιδαί
834 897 1057 981 cognoscitur,
1092 896 1209 981 quibus
1241 917 1311 961 car·

277 1003 366 1068 mina
394 1002 467 1085 ipsa
494 1021 512 1066 a
544 1001 604 1066 deo
631 1003 799 1085 impertita
828 1000 990 1070 dicuntur.
1037 1001 1154 1083 Itaque
1177 1019 1312 1092 prorsus

276 1104 453 1171 reiioieuda
481 1109 571 1186 sunt,
605 1125 689 1188 qnae
713 1103 910 1170 Schmidtius
940 1103 981 1169 dc
1005 1106 1147 1169 carmine
1171 1102 1312 1168 Theroni

276 1209 436 1293 promisso
470 1207 617 1274 coniecit.
679 1209 751 1291 ipso
787 1214 897 1273 autem
933 1214 1124 1291 argumento
1160 1207 1312 1273 docemur

276 1313 338 1377 hoc
360 1333 491 1378 carmen
513 1333 578 1378 non
601 1312 709 1376 minus
731 1333 828 1395 quam
853 1312 1028 1377 secundum
1061 1311 1102 1377 ad
1121 1310 1313 1395 praedican-

280 1414 356 1480 dam
378 1414 536 1480 Theronis
559 1415 730 1480 victoriam
750 1419 926 1499 pertinere.
970 1418 1093 1480 Versus
1120 1419 1220 1479 1-6:

384 1515 597 1605 Τυνδαρίδαις
634 1541 670 1582 τε
708 1517 903 1606 φιλοξείνοις
940 1512 1029 1583 ἆόεῖν
1064 1511 1314 1600 καλλιπλοκάμῳ

795 1614 835 1688 θ’,
848 1618 960 1706 Ἑλένῳ

379 1722 503 1789 κλεινόν
521 1718 719 1811 Ἀκράγαντα
738 1724 894 1813 γεραίρων
916 1717 1063 1807 εὔχομαι,

382 1823 538 1914 Θήρωνος.
567 1822 809 1910 Ὀλυμπιονίκαν
846 1822 944 1909 ὕμνον
966 1823 1142 1916 ὀρθώσαις,
1174 1823 1313 1910 ἀκαμαν-

795 1927 945 1997 κοπίδων

379 2030 491 2098 ίππων
511 2028 623 2100 όίωτον.
670 2037 792 2101 Μοῦσα
815 2030 845 2100 δ’
865 2030 950 2100 οὕτω
971 2057 1030 2100 ποι
1051 2033 1197 2124 παρέστα
1219 2056 1277 2118 μοι
1287 2036 1312 2122 ¹)

793 2137 977 2222 νεοσίγαλον
999 2134 1124 2227 εὑρόντι
1147 2135 1270 2227 τρόπον

379 2240 500 2329 Δωρίῳ
521 2240 629 2331 φωνὰν
650 2235 825 2328 ἐναρμόξαι
846 2240 969 2327 πεδίλῳ

383 2338 601 2428 ἀγλαόκωμον,

277 2447 395 2531 quibus
417 2451 516 2533 poeta
545 2451 633 2516 clare
662 2450 827 2535 professus
859 2458 908 2518 est
939 2473 972 2516 se
1003 2453 1146 2517 carmine
1167 2451 1211 2516 ad
1232 2451 1315 2516 cele-

276 2550 435 2618 brandam
473 2553 643 2619 victoriam
681 2557 861 2639 composito
900 2556 1133 2621 Diosourorum
1172 2556 1313 2639 gratiam

277 2656 408 2740 assequi
430 2656 521 2738 velle,
545 2658 588 2723 ad
604 2679 733 2724 carmen
751 2657 927 2723 secundum
943 2665 1091 2742 spectare
1107 2658 1197 2724 nullo
1218 2657 1314 2724 modo

276 2757 409 2845 probari
430 2766 551 2845 potest,
598 2763 630 2829 Si
654 2763 740 2828 enim
773 2765 872 2847 poeta
901 2761 961 2827 hos
984 2783 1096 2827 sersus
1118 2761 1161 2828 ad
1184 2781 1314 2827 carmen

277 2863 454 2929 secundum
476 2864 593 2931 referri
608 2867 774 2948 voluisset,
797 2865 918 2932 clarius
938 2866 1001 2931 hoc
1023 2865 1168 2931 indicare
1192 2864 1313 2945 debuit,

276 2986 350 3032 cum
373 2967 442 3034 sius
465 2968 586 3051 verbis,
624 2969 735 3055 qualis
765 2969 860 3036 nobis
888 2969 1012 3036 tradita
1035 2975 1127 3050 sunt,
1162 2968 1313 3053 cognosci

278 3110 483 3120 ψ-..-

330 3174 350 3246 ¹)
375 3175 459 3232 nece
476 3176 508 3232 Τ.
527 3175 713 3232 Mommsenus
731 3177 760 3231 in
778 3181 869 3232 annot.
890 3175 948 3232 crit
968 3177 1055 3245 suppl.
1075 3193 1119 3246 pg.
1147 3177 1182 3232 39
1204 3179 1314 3232 contem

276 3257 317 3316 dit
334 3259 509 3330 depravatum
528 3277 602 3330 esse,
631 3263 702 3334 quod
726 3263 753 3318 in
779 3261 916 3318 codicibus
933 3263 1047 3332 legitur:
1086 3262 1160 3322 οὕτω
1189 3285 1236 3323 ποι
1257 3267 1314 3336 (τοι

277 3359 301 3410 D
320 3357 343 3413 0
363 3359 385 3411 Ρ
404 3357 436 3426 Q,
457 3382 511 3420 που
530 3358 562 3429 C)
581 3362 705 3441 παρέστα
725 3383 781 3440 μοι,
819 3360 890 3414 Nam
907 3363 1051 3428 postquam
1069 3361 1150 3427 ροόία
1168 3371 1198 3412 εθ
1216 3371 1315 3428 cupere

276 3449 346 3506 dixit
362 3451 490 3508 idoneum
508 3454 638 3526 hymnum
657 3456 833 3523 constituere,
857 3469 912 3510 non
930 3457 1021 3524 potest
1038 3452 1187 3522 adiungere
1208 3452 1315 3508 Musam

276 3537 329 3592 sibi
350 3537 404 3593 ism
421 3555 521 3597 novum
546 3556 577 3596 ac
601 3541 774 3612 splendidum
799 3555 907 3596 cns-men
932 3537 1137 3609 suppeditasse3
1163 3538 1258 3605 immo,
1285 3543 1315 3592 ut

275 3622 327 3678 sibi
345 3624 509 3695 suppeditet,
528 3627 634 3682 Musam
653 3642 714 3683 eum
731 3628 876 3698 implorare
894 3632 1008 3697 oportet.
1039 3625 1140 3680 Sensus
1157 3630 1239 3694 aptus
1257 3622 1315 3679 effi·

275 3709 346 3766 citur
358 3725 399 3780 so,
418 3714 684 3784 quodMommssnus
701 3713 817 3768 coniecit
834 3711 908 3773 obse
929 3734 978 3789 μοι
997 3710 1175 3790 παρεστάναι,
1194 3708 1243 3763 sed
1255 3724 1315 3764 cnm

275 3808 397 3868 scholioz
415 3809 434 3888 ἢ
455 3808 529 3870 οὕτω
550 3831 599 3888 μοι
617 3808 747 3890 ἐρχέσθω
766 3810 784 3886 ἡ
799 3805 901 3868 Μοῦσα
921 3806 991 3870 iisse
1011 3828 1047 3883 με
1061 3803 1163 3883 Δωρίδι
1177 3804 1314 3882 διαλέκτῳ

276 3904 446 3966 νισπσίκιλον
467 3903 621 3983 ἐξαγγεῖλαι
646 3902 731 3982 ὕμνον
758 3902 845 3972 mgis
867 3900 975 3958 videtur
997 3899 1141 3956 convenire
1163 3899 1238 3960 οότω
1265 3920 1314 3977 μοι

276 3999 467 4080 παριστάσθω.

410 4360 687 4616 A„
