3088 4648
678 300 889 362 „26-

272 472 441 554 Agrigenti
463 471 693 538 Dioscurorum
716 470 916 536 lectisternia
936 469 1060 536 fierent.
1100 471 1184 536 Nam
1207 492 1300 537 versu

271 575 313 640 39
337 580 370 640 et
391 575 451 644 40:

237 693 240 696 ·
358 725 365 742 .
391 727 398 742 .
422 725 430 745 .
456 727 463 740 .
486 671 634 740 εὐΐππων
657 671 808 742 διδόντων
825 676 1024 765 Τυνδαριδᾶν
1046 671 1097 742 ὅτι
1119 675 1303 742 missuros

1043 785 1167 870 βροτῶν

356 883 490 962 ξεινίαις
512 878 631 960 αὐτούς
653 881 839 967 ἐποίχονται
859 883 1037 973 τραπέζαις

229 1015 233 1028 ⁴
269 988 351 1053 nihil
374 990 560 1054 continetur
582 989 643 1053 nisi
667 989 867 1054 clarissimae
891 990 1047 1054 victoriae
1070 989 1207 1072 gloriam
1229 990 1303 1056 Em·

269 1091 407 1157 menidis
422 1098 454 1156 et
470 1091 610 1158 Theroni
625 1092 698 1158 ideo
722 1093 905 1176 contigisse,
929 1091 1016 1175 quod
1036 1094 1184 1176 plurimis
1201 1094 1304 1177 epulis

271 1194 475 1280 Tyndaridas
506 1204 762 1280 prosequantur,
797 1202 831 1262 et
861 1194 1057 1284 φιλοξείνοις
1080 1196 1245 1281 epitheton
1268 1198 1302 1262 in

271 1299 424 1364 carminis
457 1298 589 1370 exordio
624 1299 819 1383 Tyndaridis
852 1300 1014 1365 tributum
1052 1299 1094 1364 ad
1128 1300 1304 1367 Dioscuros

269 1401 452 1487 hospitibus
482 1403 726 1486 patrocinantes
738 1404 761 1489 ¹)
798 1402 911 1487 procul
943 1402 1041 1469 dubio
1073 1403 1225 1472 refertur.
1271 1405 1305 1470 Si

270 1527 346 1571 vero
369 1507 563 1589 quaerimus
588 1505 749 1589 quomodo
767 1508 1052 1589 grammaticorum
1073 1506 1204 1572 illorum
1220 1528 1305 1573 com-

269 1612 381 1673 menta
404 1613 517 1673 exorta
541 1608 623 1688 sint,
648 1607 743 1673 facile
767 1609 964 1692 perspicitur
985 1609 1077 1688 illos,
1101 1632 1173 1675 cum
1196 1632 1305 1676 neces-

271 1711 445 1777 situdinem
468 1711 631 1794 quandam
654 1711 812 1794 indagare
836 1710 1021 1791 studerent,
1057 1734 1140 1796 quae
1166 1713 1304 1782 interce.-

271 1814 362 1880 deret
379 1814 612 1880 Dioscurorum
634 1814 725 1879 laudi
748 1815 883 1879 carmini
905 1815 1076 1897 insigniter
1096 1816 1304 1899 praepositae

172 1968 176 1978 .
270 1925 303 1983 et
325 1917 572 1983 theoxeniorum
596 1919 751 1982 mentioni
782 1919 815 1981 in
845 1918 990 1981 versibus
1014 1918 1054 1982 39
1079 1923 1111 1982 et
1133 1918 1175 1981 40
1197 1917 1305 1983 factae

271 2043 345 2086 cum
367 2021 454 2104 ipso,
478 2041 561 2103 quae
584 2019 848 2104 praedicaretur,
872 2020 1029 2086 Theronis
1051 2021 1198 2102 victoria,
1229 2041 1304 2086 suas

270 2124 310 2189 de
341 2144 446 2210 sare
477 2124 680 2188 coniecturas
703 2128 868 2206 tamquam
901 2144 953 2187 res
980 2130 1163 2206 compertas
1185 2144 1306 2208 propo-

270 2228 382 2296 suisse.
405 2246 408 2250 ·
426 2227 543 2310 Itaque
566 2231 679 2308 restat,
704 2227 757 2290 cui
779 2226 1010 2306 assentiamur,
1030 2227 1212 2292 Aristarchi
1234 2248 1319 2316 sen--

270 2333 375 2396 teutia
405 2351 425 2395 a
450 2329 587 2414 Didymo
621 2328 849 2412 comprobata,
886 2330 1060 2395 Dioscuros
1090 2332 1124 2396 in
1154 2332 1305 2396 carminis

270 2435 363 2500 initio
401 2454 473 2498 oum
511 2432 609 2501 laude
652 2432 834 2517 appellatos
872 2454 943 2498 esse
979 2439 1115 2518 propter
1153 2436 1306 2499 eximium

270 2538 425 2603 honorem
448 2538 489 2601 iis
512 2539 554 2602 ah
577 2537 798 2621 Agrigentinis
832 2544 881 2618 et,
925 2537 1013 2621 quod
1035 2559 1074 2602 ex
1095 2537 1242 2602 versibus
1263 2538 1305 2602 39

272 2647 304 2706 et
326 2642 369 2705 40
391 2639 468 2706 addi
490 2646 616 2725 potest,
648 2641 822 2725 praecipue
845 2662 864 2705 a
888 2640 1036 2706 Therone
1058 2643 1128 2725 ipso
1152 2640 1307 2710 habitum.

271 2745 383 2828 Neque
416 2743 479 2809 hoc
512 2745 546 2809 in
581 2766 619 2810 ea
653 2765 689 2808 re
722 2744 844 2808 nullius
867 2745 1022 2808 momenti
1045 2743 1174 2809 ridetur
1196 2743 1306 2825 fuisse,

273 2847 361 2931 qnod
396 2848 495 2912 etiam
519 2848 688 2932 Olympiae
711 2847 862 2913 Dioscuri
899 2846 934 2912 in
970 2867 1088 2932 magno
1121 2847 1244 2913 honore
1274 2852 1308 2912 et

272 2951 478 3016 veneratione
502 2958 596 3016 erant
619 2957 651 3017 et
675 2951 843 3036 praecipui
867 2971 978 3016 eorum
1000 2951 1107 3016 cultus
1123 2951 1306 3016 communio

272 3053 431 3137 quaedam
455 3060 526 3120 erat
548 3056 634 3120 inter
656 3055 788 3121 victoris
810 3055 953 3139 patriam
969 3061 1002 3120 et
1016 3055 1172 3119 victoriae
1187 3054 1305 3122 locum.

272 3158 450 3224 Praeterea
472 3158 732 3242 Tyndaridarum
755 3159 959 3242 potissimum
983 3157 1118 3240 gratiae,
1146 3158 1203 3239 qui
1222 3156 1307 3222 ludis
1368 3181 1371 3188 ·

274 3261 452 3345 Olympicis
476 3260 616 3345 quodam
640 3263 736 3328 modo
759 3267 951 3345 praeerant,
983 3261 1017 3324 in
1040 3260 1187 3325 versibus
1209 3261 1251 3325 39
1275 3265 1308 3324 et

272 3367 316 3432 40
338 3364 495 3428 Theronis
526 3366 663 3430 victoria
693 3365 859 3435 tribuitur.
904 3365 984 3430 Gnm
1015 3365 1167 3448 opinione
1197 3368 1307 3429 autem

273 3467 367 3533 modo
401 3467 545 3532 refutata
579 3468 697 3534 falsum
733 3469 831 3534 etiam
866 3489 935 3533 esse
969 3466 1227 3532 demonstratum
1258 3472 1308 3531 est

273 3567 322 3647 εἰς
344 3569 498 3652 Θεοξένια
520 3574 655 3637 carmini
678 3574 747 3638 sine
770 3570 868 3637 dubio
892 3593 931 3635 ex
957 3572 1037 3655 ipsis
1061 3569 1194 3636 scholiis
1215 3589 1308 3653 prae-

273 3674 440 3758 scriptum.
1234 3726 1236 3730 .

339 3779 516 3861 Postquam
538 3799 595 3860 ea,
629 3800 713 3862 quae
736 3785 861 3845 veteres
883 3780 1079 3862 interpretes
1102 3776 1143 3843 de
1165 3777 1308 3842 carmine

329 4003 348 4072 1)
368 4002 408 4057 ef.
429 4003 534 4058 Preller
552 4002 726 4059 Griechisehe
744 4003 912 4074 Mythologie
930 4003 954 4056 11
974 4018 1018 4071 pg.
1039 4001 1089 4056 109
1108 4017 1147 4069 sq.
