3088 4648
644 295 859 358 ...15-

237 464 337 529 Hiero
362 463 555 547 Olympiade
588 467 628 530 77
662 466 832 548 Olympiae
863 465 966 532 victor
999 471 1206 536 renuntiatus
1230 474 1274 538 sit

237 574 270 632 et
285 588 417 632 carmen
430 567 634 652 Olympicum
650 571 789 653 primum
806 569 847 634 ad
865 591 935 636 eam
953 573 1120 638 victoriam
1139 581 1272 659 spectet.

238 671 359 752 Quodsi
382 693 512 738 carmen
538 673 739 757 Olympicum
764 676 903 757 primum
927 696 992 742 non
1016 684 1092 742 ante
1109 679 1274 764 Olympia-

236 780 308 846 dem
327 783 367 842 77
383 779 541 860 scripturn
565 783 623 856 est,
647 777 824 842 Pindarum
843 781 948 862 primo
968 803 1054 847 anno
1071 781 1273 867 Olympiadis

137 871 141 878 ⁸
238 887 279 949 76
302 885 334 947 in
360 882 472 948 Sicilia
494 880 593 946 fuisse
615 882 706 945 nullo
730 881 825 947 modo
857 883 989 966 probari
1011 892 1128 968 potest,
1171 889 1274 954 Immo

236 1008 273 1051 eo
305 1008 391 1053 anno
426 987 458 1049 iu
491 985 630 1049 Graecia
661 1006 733 1048 cum
764 994 928 1052 versatum
960 1009 1030 1054 csse
1060 1011 1099 1054 ex
1130 993 1273 1057 carmine

237 1091 408 1175 Olympico
430 1089 508 1153 XIV
532 1095 681 1173 apparet.
728 1089 877 1172 Namque
905 1089 966 1155 hoc
988 1112 1118 1157 carmen
1139 1116 1203 1158 non
1226 1097 1273 1160 ita
1315 1156 1319 1166 .

236 1195 339 1260 multo
377 1200 454 1278 post
488 1193 657 1258 victoriam
695 1192 847 1276 Asopichi
882 1213 902 1256 a
935 1199 1034 1278 poeta
1067 1198 1100 1262 in
1134 1199 1274 1265 Graecia

237 1299 456 1381 conscriptum
492 1319 561 1361 esse
600 1296 696 1361 facile
730 1304 921 1380 argumento
954 1299 1022 1364 eius
1057 1305 1273 1384 cognoscitur.

236 1402 430 1488 Asopichum
454 1409 565 1466 autern
589 1399 781 1484 Olympiade
805 1403 847 1467 76
869 1402 983 1468 vicisse
1003 1405 1162 1487 omnibus,
1191 1429 1273 1490 quas

235 1506 430 1572 scholiastae
461 1505 504 1570 ad
533 1505 776 1587 inscriptionem
801 1506 953 1570 carminis
975 1506 1182 1591 adiecerunt,
1218 1510 1274 1576 ad·
1332 1531 1334 1536 ·

235 1609 458 1676 notationibus
493 1608 639 1672 traditur
651 1609 686 1694 ¹).
741 1607 891 1674 Dubitari
925 1611 1027 1694 igitur
1061 1634 1126 1679 uon
1155 1620 1273 1698 potest,

235 1716 313 1797 quin
345 1713 505 1779 Pindarus
536 1714 569 1776 in
605 1712 745 1777 Graecia
780 1720 928 1777 uersatus
962 1715 1022 1795 sit,
1061 1737 1133 1781 cum
1168 1718 1272 1785 Thero

235 1819 427 1904 Olympiade
451 1820 491 1883 76
515 1817 657 1882 inludis
682 1817 859 1900 Olympicis
889 1820 1040 1899 vinceret,
1064 1821 1175 1904 itaque
1199 1843 1272 1888 eurn

235 1945 365 1990 carmen
382 1921 585 2006 Olympicum
604 1920 781 1985 secundum
806 1928 839 1985 et
857 1923 1000 2002 tertium,
1023 1944 1106 2006 quae
1123 1925 1164 1990 ad
1182 1927 1273 1993 illam

234 2027 392 2093 Theronis
416 2027 585 2090 victoriam
609 2030 757 2108 spectare
781 2025 1026 2108 comprobatum
1051 2034 1118 2110 est,
1151 2033 1272 2096 nonin

237 2132 366 2208 Sicilia,
404 2130 461 2196 sed
493 2130 527 2194 in
551 2129 690 2194 Graecia
722 2131 941 2213 composuisse
964 2133 1086 2214 optimo
1110 2134 1180 2199 iure
1204 2142 1270 2202 sta·

238 2239 360 2304 luitur„
812 2311 815 2318 ¹

301 2343 374 2406 Iam
405 2361 443 2404 oo
474 2338 650 2424 procedere
684 2360 833 2423 possum,
871 2346 908 2405 ut
936 2340 1092 2425 indagare
1116 2329 1275 2425 studeam,

237 2451 348 2510 utrum
370 2465 501 2510 carmen
523 2444 614 2528 prius
637 2443 679 2506 sit
702 2444 934 2526 compositum,
965 2465 1036 2509 cum
1060 2445 1156 2512 ambo
1180 2449 1275 2513 simul

237 2552 361 2634 scripta
384 2570 454 2615 esse
477 2569 612 2633 prorsus
637 2546 726 2612 credi
750 2554 899 2631 nequeat.
944 2548 994 2614 Ea
1015 2571 1068 2630 re,
1093 2550 1181 2633 quod
1204 2573 1275 2616 car·

236 2656 333 2719 minis
362 2654 453 2720 tertii
484 2657 712 2737 argumentum
748 2652 853 2716 multo
887 2652 1067 2735 simplicius
1102 2660 1152 2719 est
1176 2677 1273 2739 quam

237 2757 381 2840 secundi,
406 2757 493 2840 quod
514 2761 646 2841 poetam
668 2757 701 2820 iu
725 2755 946 2840 componendo
967 2758 1109 2826 carmine
1131 2759 1273 2828 secundo

235 2862 338 2928 multo
361 2862 518 2927 maiorem
540 2882 672 2944 operam
696 2861 932 2944 consumpsisse
955 2868 1093 2945 apparet
1115 2883 1214 2946 quam
1238 2865 1273 2929 in

235 2967 350 3047 tertio,
389 2965 549 3050 suspicari
582 2965 659 3030 licet
689 2964 750 3029 hoc
781 2964 868 3030 haud
899 2965 947 3028 ita
978 2966 1081 3032 multo
1112 2974 1187 3051 post
1209 2968 1275 3032 vic·

236 3071 354 3136 loriam
377 3069 519 3135 Theroni
542 3068 746 3150 dedicatum,
782 3074 896 3152 postea
925 3074 1036 3134 autem
1066 3070 1275 3155 magnificen-

235 3176 400 3242 tissimum
423 3173 506 3238 illud
529 3194 661 3238 carmen
685 3173 905 3256 conscriptum
930 3194 1009 3245 esse.
1030 3175 1125 3240 Hauc
1148 3179 1276 3241 senten·

235 3283 314 3345 tiam
331 3300 401 3344 esse
416 3299 527 3345 veram
550 3301 590 3344 ex
613 3279 694 3362 ipsis
716 3280 833 3360 poetae
849 3277 965 3360 verbis,
989 3279 1085 3344 modo
1098 3278 1276 3372 ¹diligenter

235 3385 472 3464 examinentur,
496 3385 714 3466 cognoscitur.
761 3383 799 3445 ln
824 3383 976 3447 carminis
1001 3384 1093 3448 tertii
1115 3404 1211 3448 versu
1231 3384 1276 3450 43

235 3489 395 3554 Pindarus
426 3488 607 3553 Theronem
638 3489 704 3552 iarn
737 3486 818 3574 (νῦν)
852 3487 1028 3552 virtutibus
1049 3487 1093 3552 ad
1115 3509 1275 3552 summum

235 3592 401 3676 fastigium
444 3592 674 3659 ascendentem
712 3592 866 3657 Herculis
910 3593 1077 3658 c'olumnas
1113 3592 1275 3676 attingere
1355 3623 1359 3628 ·

235 3696 326 3764 dicit.
371 3697 432 3761 His
452 3697 560 3762 verbis
587 3697 667 3762 mihi
699 3695 831 3781 quidem
864 3695 1005 3761 indicari
1037 3695 1166 3762 videtur
1197 3699 1275 3780 poli-

234 3808 303 3866 tam
336 3801 398 3868 hoc
432 3822 563 3868 carmen
596 3803 724 3884 statim,
758 3807 932 3886 postquam
955 3799 1060 3866 Thero
1090 3800 1195 3864 victor
1224 3821 1275 3866 re-

289 4031 311 4103 ¹)
329 4029 369 4084 cr.
389 4029 508 4083 coeam.
528 4029 545 4083 1.
564 4029 580 4082 ι.
600 4027 625 4082 n
647 4033 659 4083 1
679 4045 723 4098 pfl,
745 4029 807 4108 aea
