3088 4648
674 325 890 386 ...14-

269 514 411 562 oausam.
455 492 557 557 Vetus
581 496 691 558 autem
713 491 894 575 interpres,
929 493 1184 576 quiHieronem
1208 491 1304 576 Syra-

269 619 425 664 cusanum
441 601 475 660 et
491 597 669 660 Aetnaeum
693 596 915 661 renuntiatum
937 616 1006 661 esse
1030 594 1150 660 ibidem
1174 594 1256 660 dixit
1268 596 1303 681 ¹),

269 703 337 766 siue
360 699 459 766 dubio
482 699 651 764 victoriam
675 706 750 782 post
768 700 904 763 Aetnam
920 699 1084 764 conditam
1100 703 1302 782 reportatam

268 827 339 871 esse
361 824 552 889 persuasum
581 801 735 868 habebat.
781 803 940 868 Graviora
970 809 1079 867 autem
1109 801 1152 867 ad
1176 808 1304 887 tempus

267 908 423 973 victoriae
447 904 664 970 deliniendum
688 912 775 986 sunt,
798 927 881 989 quae
904 906 945 970 ad
968 927 1097 971 versum
1113 907 1154 972 33
1180 906 1303 992 (=21)

268 1015 302 1078 in
332 1010 463 1077 scholiis
494 1007 652 1074 adnotata
683 1010 902 1076 inveniuntur.
955 1009 1005 1073 lbi
1038 1015 1193 1075 narratur
1226 1030 1304 1074 nou-

222 1197 224 1202 ,
268 1116 374 1182 nullos
403 1104 631 1198 grammaticos
661 1113 761 1178 verba
782 1107 980 1201 Συρακόσιον
1009 1107 1221 1200 ἱπποχάρμαν
1248 1116 1304 1194 βα-

268 1218 359 1286 σιλέα
382 1219 557 1283 mutavisse
588 1218 620 1280 in
643 1216 849 1305 Συρακοσίων
878 1215 1093 1304 ἱπποχαρμᾶν
1121 1215 1256 1300 βασιλέα
1267 1219 1303 1304 ²),

269 1346 339 1390 cunr
359 1323 543 1401 Hieronem,
567 1327 743 1405 antequam
759 1342 841 1401 eam,
866 1343 949 1405 quae
973 1323 1116 1386 carmine
1134 1321 1302 1406 Olympico
1341 1333 1345 1340 '

269 1429 373 1513 primo
397 1424 602 1506 celebratur,
635 1425 805 1491 victoriam
829 1426 1030 1507 rettulisset,
1065 1429 1205 1492 Aetnam
1229 1448 1305 1492 con·

243 1543 247 1549 '
270 1532 391 1598 didisse
415 1536 448 1596 et
471 1528 512 1595 ob
536 1551 608 1595 eam
631 1551 764 1595 causam
787 1552 851 1595 non
873 1531 1121 1615 Syracusanum,
1146 1530 1204 1596 sed
1228 1533 1304 1597 Aet-

270 1658 387 1704 naeum
424 1634 652 1720 appellandum
696 1633 795 1700 luisse
834 1641 1012 1703 censerent.
1068 1633 1163 1700 Certe
1201 1636 1304 1718 igitur

270 1747 404 1807 carmen
422 1745 498 1823 post
520 1740 657 1804 Aetnam
683 1738 848 1803 conditam
876 1740 1032 1822 scriptum
1057 1759 1127 1804 esse
1150 1741 1303 1804 arbitrati

270 1851 354 1915 sunt.
402 1843 555 1926 Didymus
586 1848 694 1908 autem
717 1843 892 1908 Hieronem
925 1864 988 1907 nnn
1013 1846 1211 1923 Aetnaeum,
1248 1845 1304 1909 sed

271 1951 508 2033 Syracusanum
539 1945 638 2011 luisse
668 1945 748 2010 dicit
758 1946 801 2030 ³),
834 1946 900 2010 siva
925 1946 1158 2030 Syracusarum
1193 1968 1303 2031 regem

271 2055 371 2119 otiam
399 2057 475 2135 post
504 2053 643 2116 Aetnam
673 2051 837 2121 conditam
862 2050 1111 2134 Syracusanum,
1142 2073 1205 2117 non
1230 2053 1306 2116 Aet·

269 2177 387 2222 naeum
409 2154 639 2240 appellandum
662 2175 733 2218 esse
756 2154 902 2236 putavit,
937 2155 1003 2219 sive
1028 2175 1176 2236 carmen,
1215 2161 1306 2221 ante·

270 2281 368 2345 quam
393 2261 499 2324 Aetna
530 2257 742 2337 conderetur,
779 2259 994 2343 compositum
1027 2280 1097 2325 esse
1129 2259 1305 2326 statuebat.

270 2366 362 2430 Licet
384 2369 584 2448 postremum
606 2360 807 2448 probabilius
837 2362 897 2442 sit,
935 2368 1045 2428 tamen
1076 2365 1305 2429 auctoritatem

270 2474 415 2536 veterum
436 2467 568 2532 illorum
592 2467 895 2551 grammaticorum,
927 2486 1008 2549 quos
1032 2471 1108 2531 ante
1131 2467 1305 2552 Didymum

270 2595 310 2640 ea
332 2575 365 2638 iu
388 2593 424 2638 re
446 2577 592 2638 versatos
615 2592 686 2638 esse
710 2576 857 2655 apparet,
888 2592 954 2637 non
976 2572 1110 2637 minoris
1132 2565 1306 2638 aestimari-

270 2681 346 2745 dam
369 2699 439 2744 asse
461 2696 576 2743 censeo
599 2697 697 2760 quam
714 2675 855 2759 Didymi,
879 2680 912 2738 et
934 2695 1008 2739 oum
1030 2675 1129 2740 etiam
1145 2676 1306 2741 Aristoni·

271 2782 364 2867 cus⁴)
403 2801 533 2846 carmen
563 2785 639 2864 post
670 2782 809 2844 Aetnam
843 2778 1007 2844 conditam
1043 2780 1200 2863 scriptum
1235 2800 1305 2844 esse

270 2905 462 2971 persuasum
492 2883 629 2962 habeat,
666 2884 745 2948 mihi
779 2880 914 2948 dubium
944 2905 1009 2950 non
1043 2885 1189 2965 videtur,
1228 2884 1307 2968 quin

326 3081 348 3153 ¹)
371 3074 499 3154 Νικήσας
528 3076 558 3134 δὲ
584 3075 619 3134 τά
637 3071 779 3152 Ὀλύμπια
807 3073 971 3152 ἀνεκήρυξεν
996 3074 1094 3133 ἑαυτὸν
1117 3074 1306 3154 Συρακούσιον

270 3172 317 3233 καὶ
337 3171 472 3233 Αἰτναῖον.

323 3273 347 3345 ²)
362 3263 455 3328 Ἔνιοι
476 3266 506 3326 δέ
533 3266 769 3343 ἀναγιγνώσκουσι
795 3264 994 3344 παροξύνοντες
1017 3266 1067 3342 τὴν
1093 3267 1307 3345 παραλήγουσαν

272 3363 413 3442 συλλαβὴν
441 3367 496 3422 τῶν
526 3360 723 3440 Συρακουσίων
748 3361 794 3420 καὶ
823 3361 872 3438 τὴν
900 3360 1021 3441 ἐσχάτην
1053 3365 1102 3420 τού
1129 3361 1307 3442 ἱπποχάρμαν

272 3464 452 3538 περισπῶσιν,
470 3457 504 3516 ἵν’
518 3455 548 3538 ᾖ,
568 3462 623 3517 τῶν
638 3455 836 3536 Συρακουσίων
851 3455 1048 3536 ίπποχαρμῶν,
1067 3457 1114 3515 τὸν
1130 3452 1307 3535 γάρἹύρωνα

272 3553 323 3614 ούκ
337 3552 406 3614 εἶναι
421 3553 610 3633 Συρακούσιον
624 3552 671 3612 ὅτε
685 3551 769 3612 ἐνίκα.
790 3551 921 3612 κτίσαντα
943 3552 994 3630 γάρ
1016 3551 1098 3610 αὐτὸν
1114 3551 1162 3625 τὴν
1177 3549 1308 3629 Κατάνην

271 3650 318 3710 καὶ
338 3647 601 3728 προσαγορεύσαντα
622 3635 722 3708 Αἴτναν
746 3643 790 3706 ἀπ’
814 3646 899 3725 αὐτῆς
919 3647 1045 3706 Αἰτναῖον
1069 3647 1193 3722 ιε’γουσιν
1215 3644 1307 3706 αύτόν.

324 3749 350 3822 ³)
370 3743 481 3822 εὐήθεις
496 3743 569 3824 ’φησὶ
589 3743 711 3821 Δίδυμος
734 3742 858 3807 τούτους.
886 3742 950 3802 τότε
976 3743 1027 3820 γάρ
1049 3743 1064 3801 d
1085 3739 1183 3820 Ἱέρων
1203 3741 1236 3820 ἦν
1259 3740 1309 3801 Συ·

272 3840 420 3922 ραιιούσιος
440 3839 505 3901 οὐδὲ
525 3839 559 3919 ἦν
581 3839 716 3912 Αἰτναῖος,
737 3839 775 3904 ὥς
796 3861 880 3918 φησιν
899 3835 1115 3916 Ἀπολλόδωρος

324 3941 348 4013 ⁴)
370 3935 460 3991 Verba
477 3933 557 3990 modo
575 3935 659 3990 allata
676 3935 812 4006 sequitur:
824 3932 862 3994 ‘0
883 3935 914 3995 δὲ
935 3933 1122 4013 Ἀριστόνικος
1143 3932 1309 4001 ἀξιοπίστως

273 4031 398 4093 Αἰτναῖον
419 4031 485 4093 ὄντα
506 4031 679 4110 Συρακόσιον
700 4031 895 4110 ὀνομάζεσθαι.

453 4524 898 4626 Aa*
