3088 4648
623 266 839 328 ...17-

221 433 336 498 darum
358 431 458 498 verba
485 433 572 498 inter
601 454 636 498 se
666 434 913 498 coniuncturum
941 430 1041 498 fuisse
1062 432 1253 514 arbitratur,

161 589 162 592 ,
221 537 249 599 si
272 535 358 601 diem
381 535 518 617 festum,
543 537 599 619 qui
623 535 793 620 Olympiae
815 534 1028 603 celebrandus
1051 541 1131 617 erat,
1155 537 1255 620 signi·

222 629 329 704 ficare
343 639 514 720 voluisset,
548 661 621 704 cum
645 640 802 704 Hercules
831 639 925 705 ludos
949 639 1136 723 Olympiaca
1163 640 1255 705 insti·

225 743 326 807 tuerit
357 749 390 808 et
419 745 594 811 ornaverit.
638 744 712 808 Mea
743 743 874 826 quidem
909 746 1070 810 sententia
1102 743 1256 809 hocloco

224 851 292 910 tam
315 852 410 912 acute
434 846 698 931 distinguendum
713 869 778 912 non
793 851 854 928 est,
878 867 983 931 neque
999 853 1129 914 tantum
1145 847 1256 927 refert,

225 956 334 1015 utrum
365 954 463 1033 potita
497 950 669 1016 Herculem
705 971 777 1015 cum
810 950 975 1016 Dioscuris
1010 972 1052 1016 an
1083 952 1258 1017 Dioscuros

226 1073 299 1117 oum
322 1052 462 1119 Hercule
484 1052 527 1117 ad
550 1053 634 1117 diem
657 1052 776 1119 festum
799 1054 951 1120 advenire
974 1054 1073 1122 dicat.
1097 1054 1159 1121 Sed
1183 1074 1259 1119 oon-

226 1155 378 1221 cedamus
401 1155 545 1221 Boekhio
575 1157 623 1220 ita
655 1156 904 1222 discernendum
926 1179 1012 1239 esse,
1051 1163 1088 1224 ut
1119 1160 1165 1238 is,
1203 1157 1260 1241 qui

226 1258 333 1325 officio
355 1279 419 1324 non
442 1264 605 1348 teneatur,
628 1280 700 1324 cum
724 1261 764 1324 iis
784 1261 902 1340 veniat,
926 1281 1007 1343 quos
1023 1260 1065 1325 ad
1080 1259 1260 1340 sollemnia,

229 1362 269 1426 de
292 1361 410 1444 quibus
434 1363 561 1446 agitur,
583 1362 746 1446 proficisci
769 1368 909 1446 oportet,
932 1362 1140 1428 nihilominus
1163 1361 1263 1428 verba

230 1464 273 1530 ad
294 1464 388 1529 ludos
411 1464 599 1549 Olympicos
621 1467 786 1551 pertinere
810 1465 979 1532 contendo.
1026 1466 1200 1532 Dioscuros
1223 1464 1264 1531 ab

231 1567 369 1633 Hercule
392 1567 542 1633 ludorum
565 1569 732 1653 praesides
754 1571 924 1635 institutos
948 1575 980 1634 et
1002 1570 1186 1634 universam
1202 1568 1265 1633 sol-

231 1671 384 1735 lemnium
421 1670 738 1738 administrationem
775 1694 887 1739 eorum
925 1693 1023 1738 curae
1060 1673 1266 1738 commissam

233 1796 303 1839 esse
334 1775 437 1858 ipsius
466 1778 584 1858 po'e'tae
614 1774 721 1841 uerbis
749 1776 922 1842 edocemur
934 1776 970 1862 ¹).
1015 1777 1083 1841 Hos
1105 1777 1206 1859 igitur
1228 1796 1268 1839 ex

234 1877 453 1963 Hyperboreis
479 1879 661 1964 Olympiam
683 1885 850 1945 revertens
874 1880 943 1946 eius
966 1881 1014 1946 rei
1037 1901 1136 1946 causa
1158 1899 1269 1944 secum

235 1982 335 2049 ducit.
379 1983 496 2066 Itaque
519 1983 600 2048 nihil
624 1984 751 2065 valent,
783 2005 867 2067 quae
890 1983 1053 2050 Boekhius
1075 1982 1118 2049 ad
1140 1981 1270 2048 firman-

236 2085 311 2150 dam
336 2107 427 2152 suam
451 2088 646 2154 sententiam
668 2087 816 2172 protulit.
869 2086 1011 2171 Legibus
1033 2098 1142 2153 autem
1165 2107 1271 2170 gram-

237 2191 366 2256 maticis
389 2190 489 2256 verba
513 2191 556 2256 ad
579 2191 749 2258 sollemnia
772 2192 984 2276 Agrigentino
1014 2190 1137 2256 referre
1163 2189 1272 2274 prohi-

238 2292 362 2364 bemur.
406 2294 600 2360 Pronomine
621 2289 741 2360 ταύταν
763 2299 861 2379 potita
883 2296 933 2360 uti
955 2316 1020 2360 non
1042 2293 1171 2374 debuit,
1209 2292 1273 2357 nisi

239 2401 298 2461 aut
335 2396 496 2478 versibus,
533 2399 589 2480 qui
622 2399 768 2482 proxime
807 2398 1021 2478 antecedunt,
1059 2397 1273 2476 sollemnium,

240 2520 324 2582 quae
347 2489 531 2583 siguificare
553 2501 633 2582 vult,
657 2502 854 2566 mentionem
870 2500 947 2566 fecit
964 2506 1021 2566 aut
1036 2501 1105 2584 ipse
1120 2501 1160 2564 iis
1176 2499 1276 2562 inter-

240 2601 314 2674 fuit.
359 2605 405 2667 At
436 2603 606 2670 sollemnia
634 2604 806 2689 Agrigenti
835 2604 962 2688 agenda
989 2624 1048 2687 per
1078 2607 1183 2668 totum
1207 2621 1277 2665 ear·

243 2727 318 2772 men
349 2728 414 2773 uno
445 2712 573 2773 tantum
597 2708 695 2774 verbo
726 2703 934 2793 ἀγλαόκωμος
962 2727 1074 2772 versus
1098 2707 1118 2770 6
1142 2725 1279 2770 comme·

242 2816 371 2876 morata
394 2817 486 2891 sunt3
510 2832 548 2877 eo
571 2816 681 2878 autem
700 2833 879 2897 pronomen
901 2805 1020 2875 ταύταν
1035 2811 1197 2894 pertinere
1212 2829 1278 2873 non

243 2935 337 2997 posse
352 2936 470 2998 magno
485 2937 646 2996 versuum,
670 2915 725 2999 qui
741 2913 956 2993 intercedunt,
971 2932 1105 2977 numero
1121 2913 1276 2995 apparet;

245 3017 422 3083 Pindarum
453 3025 562 3084 autem
592 3021 699 3103 ipsum
732 3016 941 3084 sollemnibus
971 3016 1162 3082 aTheroue
1186 3013 1278 3096 Agri·

245 3121 335 3204 genti
357 3121 518 3187 institutis
539 3122 727 3187 interfuisse
750 3123 852 3187 statui
874 3143 939 3186 non
967 3125 1094 3204 potest,
1129 3117 1217 3202 quod
1239 3152 1282 3164 -

247 3227 274 3290 si
296 3224 427 3310 quidem
450 3247 528 3291 vera
552 3230 646 3306 sunt,
681 3246 764 3308 quae
798 3230 896 3291 antea
927 3223 1061 3308 exposui
1083 3259 1127 3272 -·
1149 3220 1282 3287 dubium

248 3350 313 3394 uon
338 3334 405 3410 est,
442 3330 521 3412 quin
544 3335 619 3413 post
650 3331 791 3414 primum
813 3327 1015 3413 Olympiadis
1041 3329 1082 3392 76
1105 3346 1226 3391 annum
1248 3325 1283 3388 in

249 3433 394 3500 Siciliam
424 3433 590 3516 profectus
620 3438 673 3504 sit.
725 3434 902 3499 Praeterea
932 3430 1032 3498 verba
1062 3451 1098 3494 ro
1121 3450 1197 3494 vera
1219 3448 1285 3492 non

249 3534 292 3601 ad
325 3537 587 3602 comissationem
618 3538 788 3621 Agrigenti
818 3536 993 3621 agendam,
1033 3533 1090 3600 sed
1122 3532 1165 3598 'ad
1193 3529 1287 3596 ludos

251 3638 436 3724 Olympicus
459 3640 633 3706 referenda
655 3662 725 3707 esse
749 3641 929 3706 certissime
946 3635 1178 3722 comprobatur
1193 3654 1288 3699 versu

308 3847 329 3908 ¹)
348 3845 387 3900 Gi.
408 3846 449 3901 Ol.
469 3847 509 3902 111
527 3849 575 3903 86:
591 3853 650 3914 ταῖς
669 3849 721 3928 γὰρ
743 3848 895 3927 ἐπέτραπεν
916 3843 1090 3922 Οὔλυμπόνδ’
1112 3841 1160 3901 ἰὼν
1179 3840 1286 3920 θαητὸν

256 3939 350 4018 ἀγῶνα
368 3941 461 4019 νέμειν
481 3991 486 4002 .
507 3989 514 4004 .
536 3991 542 4004 .
565 3992 570 4010 ,

1131 4061 1134 4066 ·
1166 4031 1187 4095 2
