3088 4648
702 281 915 342 ...20-

295 449 430 534 probari
451 450 555 533 possit
577 470 616 515 ea
638 449 810 529 sententia,
833 469 917 532 quae
939 470 1004 516 non
1027 448 1069 514 ab
1093 447 1241 514 omnibus
1257 452 1327 532 qui-

297 552 381 634 dem,
404 551 462 618 sed
484 573 505 620 a
527 553 649 621 maiore
664 557 760 638 parte
775 556 921 617 veterum
940 554 1167 636 interpretum,
1192 573 1330 635 quorum

297 655 529 741 explicationes
561 657 595 722 in
630 655 762 722 scholiis
797 662 944 722 servatae
978 661 1071 738 sunt,
1109 657 1240 741 prolata
1272 662 1331 740 est,

298 759 437 825 Omnino
471 781 511 824 ex
540 759 621 844 ipsis
651 759 901 826 scholiastarnm
924 758 1031 825 verbis
1053 759 1201 843 intellegi
1223 764 1332 843 potest

297 864 414 928 mirum
437 863 477 927 iis
498 863 604 928 visum
626 883 715 942 esse,
745 862 833 947 quod
864 867 963 948 poe'ta
985 863 1154 947 inprimis
1177 863 1331 928 carminis

297 965 443 1033 versibus
476 965 518 1032 ad
553 965 716 1050 Tyndarei
749 965 835 1032 filios
869 989 905 1033 se
938 972 1141 1035 converteret
1168 967 1272 1050 iisque
1297 987 1332 1031 se

296 1074 428 1156 gratum
450 1068 558 1136 facere
580 1070 663 1136 velle
685 1068 895 1154 profiteretur
906 1070 941 1157 ¹).
979 1070 1225 1152 Difficultatem,
1249 1092 1332 1154 quae

296 1174 332 1240 in
352 1174 467 1258 primis
489 1173 642 1239 carminis
665 1173 771 1239 verbis
793 1175 897 1240 inesse
919 1173 1105 1254 videbatur,
1138 1174 1197 1241 illa
1219 1195 1333 1240 narra-

299 1279 398 1359 tione,
423 1298 521 1361 quam
546 1299 645 1361 supra
667 1280 926 1359 commemoravi,
950 1278 1128 1371 tollendam
1152 1299 1222 1344 esse
1238 1283 1333 1363 puta·

297 1385 420 1451 verunt
465 1380 528 1446 Sed
557 1380 673 1446 horum
707 1381 923 1465 interpretum
953 1381 1114 1448 rationem
1137 1379 1334 1466 improbavit

299 1482 526 1563 Aristarchus,
572 1486 718 1547 veterum
761 1485 1049 1568 grammaticorum
1094 1485 1333 1569 sagacissimus,

298 1607 394 1670 quem
417 1607 456 1652 ex
478 1585 594 1651 iisdem
618 1586 750 1653 scholiis
781 1586 821 1652 de
852 1608 892 1653 ea
918 1609 953 1653 re
975 1609 1041 1654 non
1063 1587 1149 1654 idem
1170 1587 1333 1654 iudicasse

301 1695 448 1774 apparet,
472 1689 559 1773 quod
582 1690 648 1771 illi,
672 1689 711 1754 de
735 1689 852 1774 quibus
875 1691 953 1773 dixi,
983 1691 1187 1776 grammatici
1210 1692 1334 1775 opinati

300 1797 385 1862 sunt.
431 1793 536 1857 Multo
559 1793 755 1878 simpliciore
778 1794 874 1861 modo
903 1796 959 1862 ille
989 1795 1215 1861 difficultatem
1238 1834 1281 1845 -
1306 1797 1334 1862 si

300 1895 476 1961 difficultas
506 1896 570 1961 dici
600 1902 709 1980 potest
732 1935 772 1945 -
796 1898 958 1983 expedivit
981 1899 1178 1965 contendens
1200 1905 1335 1984 propter

300 1999 454 2066 honorem
477 2000 646 2084 Agrigenti
670 2000 837 2066 Dioscuris
860 2002 1020 2067 tributum
1050 2006 1183 2087 po'e‘tam
1212 2005 1246 2069 in
1269 2005 1335 2088 epi·

301 2102 387 2169 nicio
421 2125 441 2168 a
476 2103 707 2169 Dioscurorum
743 2104 839 2170 lande
872 2105 1054 2190 profectum
1089 2105 1203 2194 esse2).
1262 2108 1335 2172 Ari·

302 2207 434 2272 staroho
456 2207 559 2291 igitur
581 2207 639 2272 illa
669 2208 866 2274 scholiorum
890 2209 1064 2294 explicatio
1091 2215 1149 2276 aut
1171 2215 1250 2276 nota
1272 2232 1336 2277 non

303 2315 383 2390 erat,
407 2314 475 2392 aut,
499 2311 526 2375 si
548 2331 620 2376 eam
637 2330 702 2376 uon
726 2311 908 2396 ignorabat,
931 2313 1047 2380 falsam
1063 2335 1132 2380 esse
1147 2335 1336 2398 persuasum

301 2413 453 2480 habebat.
492 2413 613 2493 Quodsi
642 2436 714 2481 eam
744 2438 808 2482 non
839 2423 992 2498 noverat,
1030 2418 1222 2482 recentioris
1256 2423 1337 2483 tem-

302 2518 390 2602 poris
420 2524 453 2584 et
482 2518 535 2583 vix
564 2517 627 2584 lide
657 2519 757 2604 digna
787 2526 847 2591 est.
889 2521 1002 2604 Neque
1034 2521 1119 2585 euim
1141 2521 1336 2604 posteriores

302 2620 397 2687 laeile
431 2621 514 2687 scire
543 2626 714 2706 poterant,
748 2644 832 2706 quae
855 2623 1063 2689 Aristarchus
1084 2624 1233 2688 nesciret.
1280 2623 1336 2689 Sin

302 2729 411 2790 antem
433 2724 486 2789 hic
509 2747 564 2805 ea,
597 2747 681 2809 quae
703 2727 737 2791 in
760 2725 891 2794 scholiis
914 2727 1123 2809 exhibentur,
1159 2749 1224 2792 non
1245 2728 1336 2811 igno-

300 2931 437 2990 scholad
457 2931 708 3003 01.1117(=s).
746 2931 819 2994 chrm
839 2935 891 3012 γὰρ
911 2934 929 3010 ἡ
950 2930 1051 2994 Μούαα
1077 2933 1183 3012 ἐπῆλθέ
1210 2956 1273 3012 μοι,
1302 2935 1334 2993 τὸ

301 3026 340 3093 εἰς
360 3025 489 3096 Θεοξένια
508 3028 620 3108 γράψαι.

354 3121 376 3192 ¹)
403 3120 436 3177 In
462 3121 572 3178 scholiis
597 3121 633 3177 sd
659 3121 862 3193 inscriptionem
885 3121 926 3176 01.
950 3123 990 3178 ΙΙΙ
1012 3122 1125 3192 legitur:
1162 3124 1283 3201 ζητεῖται
1308 3122 1337 3181 τί

300 3216 404 3296 δήποτε
433 3217 448 3276 ὁ
483 3216 619 3296 Πίνδαρος
652 3215 842 3296 Ὀλυμπιακὸν
874 3215 958 3295 ύμνον
989 3217 1102 3295 γράφων
1134 3213 1245 3297 εὔχεται
1274 3220 1333 3281 τοῖς

299 3310 476 3392 Διοςκούροις
497 3313 642 3391 προςηνεῖς
665 3335 701 3392 πρ
727 3308 788 3392 ιρίδῇ
813 3311 950 3391 γενέσθαι,
989 3311 1074 3392 ἐχρῆν
1101 3309 1152 3389 γὰρ
1173 3308 1227 3390 ἄρα
1248 3307 1334 3391 Ἦρα·

298 3407 367 3468 κλέα
384 3407 432 3466 τὸν
452 3407 584 3467 διαθέντα
603 3407 651 3467 τὸν
676 3397 782 3485 ἀγῶνα
797 3407 1029 3486 κατακαλεῖοθαι;
1059 3406 1088 3459 in
1107 3405 1189 3460 schol.
1209 3406 1244 3461 ad
1261 3423 1287 3458 r.
1308 3408 1332 3457 1:

298 3502 344 3562 διὰ
362 3501 391 3562 τί
407 3500 517 3567 τούτοις
536 3499 648 3583 εὔχεται
667 3501 779 3581 &pisan
800 3502 845 3562 διὰ
864 3502 896 3561 τὸ
919 3501 957 3566 εἰς
978 3499 1107 3569 Θεοξένια
1126 3499 1248 3578 γράφειν.

349 3598 373 3666 ²)
395 3595 510 3666 Legitur
532 3597 560 3650 in
585 3595 695 3651 scholiis
718 3596 754 3652 ad
776 3596 980 3667 inscriptionem
999 3595 1044 3652 01.
1070 3595 1127 3650 111:
1160 3590 1195 3653 ‘0
1217 3594 1248 3652 δὲ
1268 3594 1331 3674 Apl-

297 3691 418 3774 αταρχύς
447 3713 515 3771 φησι
543 3691 617 3769 παρὰ
642 3693 700 3756 τοῖς
726 3687 952 3772 Ἀκραγαντίνοις
982 3691 1028 3751 διὰ
1053 3692 1137 3768 τιμῆς
1167 3686 1235 3748 εἶναι
1265 3687 1331 3752 τούς

297 3788 462 3866 Διοςκύρους
482 3785 528 3846 καλ
551 3786 658 3864 πατρίῳ
672 3783 731 3845 ἔθει
750 3786 797 3846 καὶ
816 3789 863 3847 νῦν
885 3786 986 3852 αύτούς
1005 3784 1130 3867 χρῆσθαι
1152 3829 1158 3844 .
1180 3833 1186 3845 ,
1210 3830 1217 3846 .
1239 3833 1244 3846 .

351 3878 537 3962 Ἀρίσταρχος
549 3881 600 3959 μὲν
621 3879 668 3942 oda
689 3881 738 3958 τὴν
760 3881 876 3962 ἀπορίαν
897 3880 1017 3941 διαλύων
1037 3879 1103 3944 τούς
1117 3878 1201 3944 θεοὺς
1215 3878 1331 3943 τούτους

297 3976 405 4056 σρύδρα
426 3976 453 4036 ἐν
473 3972 640 4054 Ἀκροίχαντί
658 3999 729 4055 φησι
747 3976 892 4054 τιμᾶσθαι.
