3088 4648
628 247 844 310 ..23-

224 417 383 484 treditum
425 415 656 503 accepimus¹).
707 417 860 498 Accedit,
897 415 985 500 quod
1023 417 1256 486 Dioscurorum

223 522 397 589 theoxenia
430 521 529 587 etiem
563 541 637 585 cum
669 520 757 587 ludis
790 519 968 606 Olympicis
1001 519 1153 587 videntur
1182 542 1258 589 con·

224 627 337 692 iuncta
357 623 493 708 suisse2)
517 629 560 705 el,
590 624 618 688 si
640 644 680 688 ex
701 623 857 690 festorum
880 624 1091 691 similitudine
1113 624 1257 708 aliquem

224 729 302 795 licet
323 728 363 794 de
385 727 457 812 peri
480 748 592 794 eorum
607 731 753 811 tempore
770 728 991 794 coniecturam
1015 726 1133 810 locere,
1154 728 1258 812 megin

223 834 258 898 in
278 837 433 916 promptu
464 837 515 897 est
545 830 678 897 credere
702 832 915 914 Agrigentino
939 837 972 896 el
997 831 1168 917 Olympico
1188 831 1259 898 the·

224 937 341 1002 oxenia
364 935 477 1002 eodem
499 941 647 1018 tempore
669 932 785 1014 furiose,
816 955 901 1018 quae
925 935 1100 1002 eorundem
1123 935 1259 1002 deorum

224 1045 327 1121 erant,
351 1060 449 1123 quem
466 1039 680 1122 Agrigentino
703 1041 738 1114 el
759 1038 928 1122 Delphice,
951 1059 1036 1122 quae
1058 1039 1259 1106 diversorum

224 1148 329 1212 erent.
345 1159 347 1164 ·
363 1141 427 1208 Sed
449 1162 490 1206 ne
511 1139 573 1207 hoc
597 1140 727 1224 quidem
749 1141 944 1209 contendere
965 1143 1052 1224 licet,
1076 1143 1153 1226 quia
1173 1144 1261 1228 peri·

224 1252 275 1312 ter
305 1251 406 1329 atque
430 1244 591 1329 Apollinis
623 1243 797 1311 theoxenio
827 1245 927 1309 etiarn
958 1245 1190 1312 Dioscurorum
1225 1247 1259 1310 in

223 1349 298 1415 eliis
328 1347 516 1413 civitatibus
546 1348 612 1414 alio
646 1352 793 1432 tempore
824 1354 963 1432 possunt
992 1347 1159 1416 celebrato
1181 1369 1260 1420 esse.

221 1453 389 1536 'Augustus
412 1450 543 1535 quidem
559 1451 777 1518 Mommsenus
797 1451 880 1518 miro
902 1452 1044 1535 quodam
1059 1452 1155 1520 modo
1178 1475 1260 1518 nun·

223 1556 306 1621 tium
329 1555 485 1620 victoriae
507 1575 567 1640 per
588 1555 678 1639 ipsos
693 1554 870 1622 Dioscuros
885 1555 1099 1639 Agrigentum
1121 1556 1258 1624 allatum

224 1679 294 1724 esse
310 1663 420 1723 censet
430 1658 476 1743 3);
498 1658 674 1724 lheoxenio
695 1665 806 1723 eutem
822 1658 1038 1742 Agrigentino
1059 1663 1136 1742 post
1151 1664 1259 1726 ortum

223 1763 420 1842 helluonum,
455 1763 511 1844 qui
534 1762 671 1841 dicitur,
706 1761 848 1827 Pollucis
875 1766 951 1826 acte
974 1781 1045 1826 esse
1068 1783 1259 1845 persuasum

278 1988 299 2058 ¹)
326 1986 364 2041 Ol.
394 1986 477 2041 schol.
506 1984 548 2040 ed.
573 1984 615 2039 01.
635 1986 675 2040 1x
693 1984 744 2041 146
771 1988 814 2053 (z
827 1987 872 2056 97)
900 1987 965 2045 δδὲ
985 1986 1059 2062 ἀγὼν
1080 1987 1108 2044 ἐν
1130 1985 1258 2065 Πελλήνῃ

216 2079 344 2163 Ἕρμαια
373 2087 511 2154 καλεῖται,
546 2080 640 2159 ἄγεται
670 2081 701 2141 δὲ
727 2077 840 2160 Ἑρμοῦ
874 2084 924 2140 καί
953 2079 1129 2144 ’Λπόλλωνος
1165 2081 1258 2159 ἑορτὴ,

223 2176 352 2247 Θεοξένια
379 2177 515 2255 λεγομένη
537 2221 544 2237 .
565 2225 570 2237 .
591 2224 596 2238 .
618 2177 645 2236 ἐν
673 2175 800 2254 Πελλήνῃ
827 2178 927 2257 χλαῖνα
957 2175 1063 2236 ἐδίδοτο
1087 2172 1129 2253 τῷ
1149 2181 1259 2236 νικῶντι

223 2278 364 2354 χειμῶνος
390 2272 449 2351 ὥρα
470 2319 474 2330 .
497 2322 501 2332 ,
525 2318 531 2332 .
559 2271 642 2349 ἤγετο
671 2270 701 2330 δὲ
724 2272 738 2329 ὁ
766 2271 840 2348 ἀγὼν
866 2271 893 2330 ἐν
917 2270 1044 2352 Πελλήνῃ
1071 2277 1121 2350 τῆς
1142 2267 1258 2352 Ἀχαΐας

225 2366 259 2426 τὰ
279 2365 410 2433 Θεοξένια
430 2366 458 2425 ἐν
480 2370 607 2446 χειμῶνι,
631 2366 674 2425 διδ
694 2366 740 2425 καὶ
758 2364 854 2446 χλανὶς
872 2365 989 2428 ἐδίδοτο.
1026 2365 1085 2422 Ηοο
1101 2365 1257 2421 testimonio

223 2461 304 2515 etium
323 2475 356 2515 ea
372 2460 543 2526 refelluntur,
563 2474 631 2529 quoe
649 2460 832 2514 Mommsenns
850 2459 868 2514 1.
888 2459 905 2513 l.
924 2476 969 2529 pg.
983 2461 1034 2515 307
1053 2459 1087 2515 de
1104 2458 1258 2514 theoxcniie

224 2545 332 2600 omnino
350 2560 413 2600 vere
431 2544 573 2601 celebretis
591 2544 751 2615 suspicetur.

276 2650 297 2719 2)
325 2648 363 2705 Os.
390 2649 472 2704 schol.
492 2648 527 2703 nd
549 2647 751 2719 inscriptionem
771 2646 812 2702 01.
832 2648 879 2706 Ill.
901 2649 939 2714 εἰς
960 2646 1097 2717 Θεοξένια.
1130 2647 1164 2710 Οἱ
1183 2649 1257 2716 Διός.

224 2769 320 2826 κουροι
340 2747 411 2806 κατὰ
441 2747 554 2824 ἐντολὴν
577 2743 736 2823 Ἧρακλέος
766 2744 969 2823 διατεθειμένον
995 2744 1043 2803 τδν
1070 2741 1259 2823 Ὀλυμπιακὸν

224 2842 331 2919 ἀγῶνα,
361 2844 399 2906 ὥς
429 2841 633 2919 ἐνομοτέδησεν
665 2840 680 2898 ὁ
703 2836 857 2918 Ἡρακλῆς.
897 2838 1008 2903 τούτοις
1036 2841 1088 2918 γὰρ
1117 2838 1156 2904 εἰς
1176 2837 1260 2904 θεοὺς

226 2937 379 3016 ἀναχωρῶν
395 2933 540 3014 Ἡρακλῆς
560 2936 609 3012 τὴν
631 2939 687 2995 τῶν
699 2929 901 3011 Ὀλυμπιακῶν
922 2934 1039 3011 ἀγώνων
1061 2933 1193 3013 φροντίδα
1213 2933 1260 2993 καὶ

224 3030 382 3109 ἐπιμέλειαν
403 3030 577 3111 ἐνεχείρισεν,
598 3028 675 3088 οὗτοι
695 3027 726 3088 δὲ
747 3025 791 3105 ἀφ’
813 3029 918 3087 ἑαυτῶν
938 3027 1090 3106 ἐπενόησαν
1109 3028 1259 3106 πανήγυριν

225 3125 370 3198 Θεοξένια,
404 3125 479 3204 παρὰ
508 3125 540 3184 τδ
565 3126 655 3184 δοκεῖν
683 3121 748 3182 τότε
773 3121 881 3189 ξενίζειν
902 3121 967 3186 τοὺς
988 3121 1079 3186 δεοδς.
1121 3124 1261 3177 Postrema

223 3220 307 3275 verbe
324 3221 370 3273 vix
388 3220 468 3274 aliter
485 3219 609 3286 intellegi
627 3224 743 3287 possunt
762 3232 843 3286 quom
860 3215 912 3282 ite,
937 3222 966 3270 ut
984 3216 1110 3270 Dioscuri
1127 3217 1261 3285 dicentur,

224 3322 282 3360 cum
307 3307 341 3359 iis
365 3306 489 3361 ludorum
514 3304 715 3374 Olympicorurn
739 3318 804 3357 cure
831 3302 865 3355 ab
887 3302 1004 3356 Hercule
1032 3302 1159 3358 mandata
1180 3310 1261 3372 osset,

224 3408 273 3447 sue
291 3401 388 3463 sponte
405 3393 461 3446 illis
478 3390 616 3446 adffifflse
635 3390 842 3446 theoxoniorum
861 3389 958 3442 festum
976 3387 1039 3443 indo
1052 3387 1261 3458 donominatum,

225 3477 309 3548 quod,
335 3495 394 3532 cum
419 3476 488 3532 illud
511 3477 699 3544 instituerent,
726 3475 816 3545 epulis
844 3475 909 3529 deos
932 3475 1057 3543 excipere
1085 3475 1259 3544 viderentur3

224 3565 345 3632 reliquos
366 3564 450 3632 igitur
471 3562 538 3618 (loos
555 3563 590 3618 ad
609 3561 704 3632 epulus
721 3561 919 3628 invitaverunt,
948 3577 1002 3630 que
1020 3560 1054 3614 de
1073 3575 1104 3615 re
1121 3560 1155 3615 cf.
1175 3560 1261 3618 schol.

224 3649 613 3720 enNem.V1168(=4o).
637 3648 738 3725 γίνεται
758 3649 785 3708 έν
806 3651 922 3728 Δελφοῖς
945 3649 1036 3727 ἥρωσι
1059 3648 1144 3719 ξένια,
1170 3649 1199 3709 ἐν
1221 3647 1262 3714 οἷς
1349 3665 1353 3672 ’

226 3746 304 3802 δοκεῖ
321 3747 335 3802 ὁ
354 3746 420 3810 Θεὸς
439 3745 483 3804 ἐπὶ
504 3744 577 3813 ξένια
597 3747 689 3804 καλεῖν
710 3744 775 3808 τούς
788 3745 883 3822 ἥρωας
903 3750 930 3798 ei
948 3742 1081 3797 Deneken
1099 3741 1134 3796 de
1151 3740 1262 3798 theone·

226 3837 278 3890 niis
297 3854 341 3907 pg.
361 3839 377 3892 3
394 3845 423 3894 et
441 3842 482 3896 13.

279 3943 301 4012 3)
320 3943 351 3994 ln
369 3943 503 4014 philologi
522 3943 573 3997 vol.
592 3945 638 3998 Xl.
657 3961 701 4015 pp.
724 3945 782 3999 708,
