3088 4648
685 315 901 378 ..16-

279 484 448 549 nuntiatus
472 491 539 563 est,
572 484 766 552 condidisse.
811 487 850 550 ln
874 487 1025 551 carminis
1049 489 1183 552 secundi
1206 495 1314 553 autern

279 590 425 654 versibus
449 591 491 656 49
520 596 553 656 et
585 593 625 653 50
657 591 835 674 praeterito
866 597 1011 675 tempore
1040 597 1137 675 potita
1159 593 1315 658 victoriae

278 694 485 774 Xenocratis,
509 716 591 778 quac
616 694 807 784 Olympiade
833 698 870 760 71
895 702 991 778 parta
1014 701 1095 777 erat,
1119 698 1315 761 mentionem

277 797 358 863 facit
387 819 491 882 neque
524 799 589 864 alio
619 804 765 882 tempore
796 799 829 863 in
853 800 1135 865 commemoranda
1158 800 1316 866 Theronis

276 903 414 968 victoria
436 904 551 984 utitur,
576 925 641 987 qua
657 923 703 982 re,
727 902 849 986 siquid
866 904 968 984 video,
992 910 1130 988 apparet
1146 905 1314 988 aliquanto

277 1005 435 1090 temporis
457 1015 633 1091 postquam
656 1006 761 1072 Thero
785 1028 944 1072 summum
967 1008 1107 1072 inludis
1137 1007 1314 1092 Olympicis

275 1111 429 1177 honorem
453 1118 620 1175 assecutus
644 1115 725 1188 erat,
749 1132 879 1176 carmen
903 1132 972 1177 esse
996 1113 1219 1196 compositum.
1242 1110 1314 1176 Ola-

275 1217 342 1279 rius
376 1220 484 1280 autern
521 1218 652 1298 politam
687 1235 818 1280 carmen
853 1216 986 1280 tertium
1021 1221 1098 1280 ante
1136 1215 1312 1280 secundum

278 1319 448 1402 scripsisse
483 1319 572 1383 illius
606 1319 759 1384 carminis
793 1341 887 1384 versu
922 1320 962 1385 37
996 1326 1134 1404 apparet
1146 1319 1182 1406 ¹),
1218 1340 1313 1403 quem
1339 1383 1340 1390 ,

209 1439 212 1446 ’
277 1422 366 1487 haud
389 1421 485 1488 facile
509 1423 665 1508 explicari
688 1444 784 1507 posse
799 1445 992 1508 persuasum
1015 1422 1130 1504 habeo,
1153 1425 1217 1488 nisi
1239 1424 1313 1488 Pin·

275 1525 408 1604 darum,
432 1548 505 1593 cum
528 1549 658 1592 carmen
681 1534 905 1612 componeret,
931 1528 1100 1612 Olympiae
1123 1527 1202 1612 ipsis
1225 1526 1311 1592 ludis

276 1631 463 1696 interfuisse
487 1637 682 1702 statuamus,
730 1631 793 1697 Sed
816 1632 1002 1698 accuratius
1031 1640 1064 1698 et
1087 1633 1249 1716 copiosius
1273 1631 1312 1696 de

276 1735 335 1800 hoc
358 1758 454 1801 versu
477 1735 708 1820 disputandum
742 1742 809 1817 est,
848 1758 921 1801 eum
955 1757 1081 1800 summa
1111 1735 1179 1800 fere
1211 1736 1311 1800 totius

276 1842 558 1905 commentationis
582 1841 638 1905 illo
662 1861 757 1904 versu
781 1840 974 1924 explicando
998 1841 1212 1905 contineatur.
1242 1840 1310 1903 Pri·

275 1965 362 2008 mum
399 1944 585 2027 quaeritur⁷
623 1965 707 2028 quae
742 1945 911 2010 sollemnia
942 1945 1104 2011 Pindarus
1137 1943 1244 2009 verbis
1276 1941 1310 2020 ἐς

273 2041 392 2111 ναύταν
408 2045 522 2136 ἑορτὰν
545 2048 728 2132 significare
753 2049 902 2130 voluerit,
927 2058 959 2114 et
983 2048 1227 2114 diiudicandum
1251 2054 1310 2125 est,

275 2155 385 2216 utrum
416 2151 473 2216 illa
502 2153 601 2218 verba
633 2153 675 2218 ad
706 2153 874 2218 sollemnia
898 2153 1066 2237 Agrigenti
1096 2159 1172 2218 acta
1203 2175 1246 2219 an
1268 2152 1311 2217 ad

276 2254 371 2320 ludos
396 2255 580 2339 Olympicos
603 2255 773 2342 referenda
797 2259 872 2324 sint.
906 2256 1106 2323 scholiastae
1125 2257 1255 2338 quidem
1278 2262 1312 2320 et

275 2364 400 2424 veteres
423 2366 455 2424 et
478 2360 692 2443 recentiores,
715 2363 772 2445 qui
795 2367 969 2442 vocantur,
1001 2362 1093 2426 illum
1118 2383 1246 2426 vorsum
1269 2360 1312 2426 ad

275 2464 445 2528 sollemnia
470 2465 503 2529 in
521 2464 703 2531 theoxeniis
725 2467 878 2532 instituta
902 2470 1049 2551 spectare
1066 2465 1312 2552 contentione).

275 2568 494 2656 Boeckhiusl)
524 2565 643 2636 ταύταν
666 2567 779 2659 sopato
802 2571 1008 2657 Olympicum
1039 2570 1168 2654 quidem
1192 2570 1310 2636 festum

275 2694 344 2738 esse
364 2695 459 2758 posse
484 2675 649 2757 concedit,
686 2676 742 2740 sed
774 2676 895 2740 rectius
925 2677 973 2741 ita
1004 2675 1090 2739 hunc
1120 2674 1228 2740 locum
1259 2695 1312 2738 ex-

273 2776 390 2861 plicari
413 2779 588 2860 contendit,
613 2784 651 2845 ut
672 2781 731 2846 illa
754 2781 924 2847 sollemnia
947 2780 1115 2846 Dioscuris
1139 2779 1311 2864 Agrigenti

273 2885 347 2945 acta
371 2901 441 2946 esse
463 2887 639 2948 statuatur.
670 2884 795 2950 Nititur
818 2883 873 2949 ille
896 2884 1070 2968 praecipue
1094 2905 1132 2948 ea
1155 2905 1201 2964 re,
1224 2881 1312 2966 quod

273 2987 371 3068 potita
400 2984 575 3051 Herculem
610 3009 682 3054 cum
706 2989 890 3068 Dioscuris,
928 3010 992 3054 non
1029 2988 1204 3054 Dioscuros
1237 3008 1312 3052 cum

274 3087 414 3154 Hercule
438 3089 480 3156 ad
502 3093 671 3158 sollemnia
702 3094 883 3159 venientem
913 3092 1010 3172 faoit3
1049 3093 1095 3158 sio
1129 3093 1215 3157 euim
1238 3092 1312 3157 Pin-

327 3281 348 3337 1)
367 3278 407 3340 Ol.
428 3279 469 3334 Ol.
489 3279 597 3337 11134:
618 3280 677 3342 Καί
695 3306 742 3341 νον
764 3282 792 3347 ἐς
805 3283 907 3343 ταύταν
929 3282 1027 3362 ἑορτὰν
1047 3281 1125 3346 ἵλαος
1144 3281 1311 3341 ἀντιθέοισιν

611 3376 714 3437 νίαεται
728 3377 776 3438 σὺν
792 3378 956 3456 βαθυζώνου
969 3377 1111 3456 διδΰμνοις
1121 3377 1199 3437 παισὶ
1209 3378 1312 3454 Λήδας.

325 3473 347 3541 ²)
366 3470 407 3526 Ol.
431 3471 514 3527 schol.
539 3478 617 3528 retus
634 3473 670 3528 ad
688 3473 729 3528 01.
747 3473 788 3527 llI
806 3475 839 3529 61
858 3475 903 3543 (z
911 3473 964 3543 34).
1003 3472 1062 3534 Καί
1087 3497 1134 3534 νυν
1162 3473 1192 3538 ἐς
1211 3473 1313 3532 ταύταν

273 3568 380 3646 ἑορτὰν]
409 3569 458 3648 τὴν
484 3571 534 3629 τοῦ
558 3569 712 3651 νικηφόρου
737 3571 889 3650 πανήγυριν
915 3571 961 3632 καὶ
992 3569 1121 3651 εὐωχίαν.
1167 3567 1314 3626 εἰώθεισαν

272 3663 324 3741 γὰρ
346 3661 523 3744 εὐωχεῖσθαι.
563 3666 613 3743 τὴν
633 3664 753 3746 εὐωχίαν
774 3666 825 3745 γὰρ
847 3667 945 3747 ἑορτὴν
967 3665 1034 3728 εἴτε.
1068 3663 1137 3745 φησὶ
1157 3663 1208 3742 γὰρ
1223 3661 1314 3742 ἔρχες·

272 3759 321 3818 θαι
341 3757 379 3823 εἰς
399 3760 448 3837 τὴν
470 3762 519 3819 τοῦ
541 3757 672 3840 Θήρωνος
693 3761 785 3822 ἑστίαν
804 3761 851 3823 τόν
873 3785 905 3823 τε
918 3759 1065 3841 <Ηραιιὶιῆν
1080 3760 1127 3820 καὶ
1152 3758 1219 3823 τοὺς
1238 3759 1313 3823 Διος·

271 3852 400 3938 κούρους,
419 3854 457 3920 εἰς
478 3856 512 3916 τὰ
532 3853 670 3931 Θεοξένια,
691 3857 750 3917 ἐπεὶ
770 3858 884 3927 ἐξένιζεν
905 3857 1006 3923 αὐτοὺς
1025 3859 1040 3917 ὁ
1062 3855 1170 3936 Θήρων.
1207 3854 1314 3910 Pariter

271 3949 431 4005 recentiore.

326 4035 845 4112 ³)ctssoeckn.1.1.112pg.135.
