3088 4648
634 269 850 346 ’,99-

230 457 414 522 dicaturum
437 475 506 520 esse
518 453 555 538 ι).
602 452 682 518 Cum
714 453 917 534 aliquantum
949 452 1106 535 temporis
1127 455 1263 537 promis-

230 580 301 624 sum
325 556 563 641 exsequendum
587 551 783 632 distulisset,
819 553 955 619 victoria
978 553 1136 621 Theronis
1167 555 1262 622 officii

119 687 123 696 ·
231 662 431 727 admonitum
466 682 539 725 eum
573 680 702 724 carmen
736 658 939 741 Olympicum
973 659 1104 724 tertium
1136 679 1264 746 compo·

232 768 353 846 suissc,
388 772 425 831 ut
456 764 554 829 fidem
580 765 650 846 regi
682 762 786 826 amico
809 760 917 826 datam
942 760 1139 830 observaret.
1185 765 1265 830 Mihi

194 905 198 912 ,
231 891 286 949 ea,
326 889 409 953 quae
433 867 629 935 Schmidtius
648 866 838 950 proposuit,
871 886 1005 949 prorsus
1035 866 1185 933 videntur
1206 869 1266 934 im-

207 971 399 1056 'p'robanda
423 992 503 1036 esse.
550 969 697 1051 Namque
728 989 854 1033 versum
888 969 908 1034 6
937 968 985 1034 ita
1016 970 1171 1053 explicari
1201 961 1265 1038 nou

232 1097 343 1161 posse,
366 1083 403 1140 ut
427 1074 469 1140 ad
492 1074 687 1156 promisum
710 1071 850 1136 Theroni
873 1092 893 1136 a
915 1070 1057 1138 Pindaro
1080 1072 1194 1139 datum
1216 1097 1266 1141 re·

232 1179 376 1259 seratur,
414 1180 486 1261 ipsa
519 1175 623 1267 verbi
641 1169 825 1261 θεόδμηοος
857 1176 946 1240 notio
981 1175 1135 1244 ostendit.
1180 1179 1266 1247 Illud

233 1283 318 1347 enim
342 1283 486 1360 verbum,
510 1282 535 1345 si
561 1281 624 1344 vim
648 1285 681 1344 et
703 1279 859 1362 originem
884 1279 952 1342 eius
968 1285 1162 1364 spectamus,
1186 1283 1266 1350 nihil

236 1385 326 1450 aliud
349 1383 511 1467 significat
534 1384 596 1446 nisi
620 1381 706 1465 quod
730 1403 749 1446 a
773 1381 833 1446 deo
858 1381 1069 1447 constitutum
1092 1384 1197 1472 est');
1221 1385 1268 1452 of·

235 1482 343 1551 ficium
368 1493 477 1551 autem
499 1508 519 1551 a
543 1485 602 1551 deo
625 1486 857 1550 constitutum'
870 1483 937 1580 sive
969 1488 1180 1569 compositum
1203 1511 1267 1556 non

234 1594 345 1673 potest
366 1589 453 1655 idem
477 1611 546 1655 esse
569 1596 668 1672 atque
692 1586 835 1652 officium
858 1585 900 1652 ab
923 1587 994 1670 ipso
1020 1592 1119 1671 polita
1141 1611 1271 1678 suscep-

236 1700 317 1762 tum.
364 1692 562 1759 Schmidtius
586 1691 716 1776 quidem
740 1690 934 1755 sententiam
957 1711 1048 1756 suam
1069 1693 1119 1759 ita
1140 1693 1270 1761 firmare

236 1795 360 1878 studet,
395 1801 432 1860 ut
455 1795 630 1861 Pindarum
663 1794 726 1859 diis
757 1793 914 1859 invocatis
945 1795 1038 1882 quasi
1060 1797 1270 1866 iureiurando

237 1921 270 1965 se
299 1899 510 1964 obstrinxisse
544 1900 640 1964 dicat.
688 1897 751 1964 Sed
782 1898 858 1962 licet
891 1897 952 1984 hoc
985 1891 1110 1964 factum'
1144 1902 1205 1984 sit,
1227 1941 1271 1952 -

237 2024 434 2088 quamquam
463 2024 578 2087 parum
609 2002 780 2085 probabile
811 2006 861 2066 est
890 2003 1030 2068 amicum
1062 2003 1166 2070 amico
1201 2011 1270 2073 tam

238 2113 350 2174 sancte
374 2128 504 2172 carmen
527 2106 714 2190 promisisse
737 2145 781 2154 -
802 2109 899 2190 polita
920 2124 956 2169 re
979 2126 1056 2172 vera
1078 2106 1185 2174 officio
1201 2130 1271 2175 car-

237 2212 333 2276 minis
355 2210 568 2294 componendi
591 2209 783 2289 tenebatur,
820 2207 876 2273 sed
906 2207 1048 2274 officium
1080 2232 1144 2278 non
1168 2236 1187 2277 a
1210 2213 1269 2281 deo

238 2314 470 2395 constitutum,
505 2311 562 2378 sed
593 2311 634 2377 ab
657 2313 727 2397 ipso
749 2316 848 2397 polita
872 2319 1057 2397 susceptum
1081 2320 1115 2380 et
1137 2315 1271 2384 deorum

237 2417 395 2501 religione
418 2422 564 2482 sanetum
589 2422 650 2481 est.
696 2417 800 2480 Aliter
830 2417 931 2498 igitur
958 2418 1058 2482 verba
1079 2419 1271 2502 explicanda

239 2526 333 2600 sunt,
368 2525 402 2584 et
434 2519 529 2584 facile
562 2523 655 2603 patet
689 2519 818 2584 omnino
840 2521 1012 2602 petitarum
1036 2519 1178 2588 officium
1202 2545 1271 2591 esse

238 2644 311 2705 eos,
349 2624 460 2707 quiin
483 2622 569 2688 ludis
592 2621 731 2706 publicis
754 2623 920 2702 vicerunt,
954 2625 1150 2691 carminibus
1178 2649 1272 2711 prae-

238 2726 356 2796 dicare.
403 2728 552 2813 Namque
584 2748 622 2792 ea
653 2725 841 2793 condicione
870 2727 1034 2812 politicum
1064 2729 1228 2815 ingenium
1252 2755 1272 2798 a

292 2981 313 3044 ι)
333 2977 372 3032 cr.
392 2976 516 3033 scema
532 2977 551 3032 ν.
569 2978 587 3029 1.
606 2993 650 3046 ρο.
670 2977 729 3032 ns.

290 3065 314 3134 2)
340 3064 381 3120 cf.
400 3064 480 3119 Hom,
498 3063 528 3118 11.
565 3063 616 3117 Vll
635 3081 659 3116 ν.
677 3065 736 3118 519.
773 3062 872 3144 πύργοι
894 3065 1048 3146 θεόδμητοι
1068 3077 1158 3128 turres
1184 3087 1202 3126 a
1219 3070 1271 3127 diis

237 3165 364 3216 emotas.
409 3159 514 3215 Pariter
542 3157 619 3215 Pind.
651 3158 729 3228 Pyth.
757 3159 796 3214 lX
825 3159 866 3215 10.
886 3201 892 3214 .
911 3201 944 3218 ..
983 3162 1148 3242 θεοδμήτων
1179 3167 1270 3248 ὀχέων

237 3257 415 3336 ἐφαπτομένα
428 3257 475 3325 (Bc.
492 3252 668 3335 Ἀφροδίτα);
685 3255 761 3310 Pina
775 3255 815 3310 Ol.
834 3256 873 3311 VI
891 3275 917 3312 ν.
934 3256 976 3312 59.
996 3257 1088 3318 Δάλου
1101 3258 1270 3339 θεοδμήτας,

238 3352 310 3421 quod
328 3350 475 3406 scholiasta
494 3356 567 3406 recte
585 3351 745 3421 explicavit:
762 3355 813 3430 τῆς
833 3351 885 3412 ὑπὸ
900 3352 973 3411 θεῶν
987 3354 1271 3434 κατασκευασθείσης.

237 3444 341 3524 ὕφαλον
371 3445 421 3524 γὰρ
449 3443 534 3504 οὖσαν
556 3445 627 3511 Ζεὺς
647 3447 745 3524 ἀνῆκεν
766 3445 804 3511 εἰς
824 3451 897 3526 φῶς
928 3445 1005 3501 Pind.
1025 3446 1117 3501 lslhm.
1137 3449 1163 3504 V
1180 3467 1204 3503 ν.
1224 3452 1272 3508 11:

237 3539 412 3618 θεοδμήτους
432 3538 532 3618 ἀρετὰς
554 3586 560 3600 .
583 3590 588 3600 .
613 3587 636 3613 .,
657 3555 737 3611 quem
753 3542 842 3596 locum
860 3541 1005 3597 scholiasta
1024 3547 1097 3596 recte
1111 3544 1271 3614 explicavit:

238 3633 413 3713 θεοδμήτους
433 3634 452 3693 ὅ
470 3635 544 3694 ἐστιν
566 3635 618 3695 ὑπὸ
633 3636 707 3697 θεῶν
729 3639 922 3717 δεδομημένας
935 3640 981 3698 καὶ
1000 3640 1272 3717 κατεσκευασμένας

237 3728 315 3783 Pind.
335 3730 412 3798 Pyth.
433 3731 444 3784 l
464 3748 487 3783 ν.
507 3733 548 3785 61.
591 3728 631 3810 τῷ
657 3732 736 3793 πόλιν
763 3733 853 3793 κείναν
880 3733 1030 3811 θεοδμήτῳ
1057 3732 1105 3792 σὺν
1126 3733 1272 3815 ἐλευθερίᾳ

233 3822 364 3889 Ὑλλίδος
385 3828 513 3905 στοῖθμας
529 3824 625 3905 Ἱέρων
647 3823 762 3900 ἔκτισο’,
789 3843 842 3897 quo
865 3830 925 3882 loco
949 3827 1096 3881 scholiasta
1121 3827 1271 3910 θεοδμήτῳ

239 3920 322 3975 verbo
341 3921 403 4000 θείᾳ
422 3922 555 3992 explicat,
579 3937 639 3975 cum
658 3921 700 3989 id,
728 3921 800 3990 quod
817 3939 834 3977 a
852 3921 903 3976 deo
920 3921 1020 3976 factum
1034 3922 1078 3974 vel
1096 3922 1271 3980 constitutum

238 4016 282 4083 sit,
301 4015 359 4070 iure
376 4016 497 4072 divinum
516 4015 627 4072 dicatur.
