3088 4648
669 314 884 378 „10-

262 487 391 568 partam
414 505 479 552 non
517 506 586 551 esse
620 485 848 556 demonstrem.
898 486 1059 554 Carminis
1093 489 1243 574 Olympoi
1265 491 1296 554 ΙΙ

262 609 375 654 versus
400 591 545 656 15-162

365 697 428 778 τῶν
450 692 486 759 δὲ
506 693 742 784 πεπραγμένων

367 797 402 864 ἐν
423 797 498 884 δίκᾳ
518 821 554 862 τε
576 799 629 864 καὶ
650 799 741 888 παρὰ
764 797 855 864 δίκαν
877 795 1033 890 ἀποίητον
1056 799 1124 868 οὐδ’
1147 800 1186 869 ἂν

366 899 480 990 χρόνος
496 901 513 968 ὁ
529 899 656 968 πάντων
677 903 786 992 πατὴρ
801 901 932 970 δύναιτο
953 908 1054 990 θέμεν
1077 905 1176 998 ἔργων
1196 911 1297 987 τέλος·

262 1015 300 1074 ut
314 1014 430 1092 postea
446 1015 636 1092 exponetur,
660 1016 810 1093 spectant
826 1011 868 1076 ad
884 1011 1082 1093 inimicitias,
1107 1013 1196 1094 quae¹
1213 1014 1299 1078 inter

263 1112 437 1178 Hieronem
468 1119 501 1177 et
532 1112 710 1178 Theronem
743 1114 784 1179 ob
815 1115 949 1180 insidias
980 1117 1129 1200 Polyzelo
1161 1125 1296 1202 paratas

263 1220 355 1282 ortae
371 1215 500 1300 sunt¹);
525 1237 607 1299 quae
623 1217 697 1282 inde
720 1217 809 1282 facta
832 1225 915 1301 sunt,
940 1221 1126 1286 accuratius
1149 1224 1298 1306 exposuit

264 1319 427 1386 Diodorus
437 1321 475 1406 ²),
499 1325 531 1386 et
547 1322 733 1387 testimonio
750 1324 818 1387 eius
843 1324 1022 1407 scriptoris,
1047 1346 1142 1408 quem
1158 1328 1192 1392 in
1207 1349 1299 1394 euar-

175 1433 179 1440 '
266 1426 395 1492 ratione
433 1447 541 1491 rerum
582 1425 796 1492 siciliensium
840 1429 1007 1493 Timaeum
1046 1437 1193 1496 secutum
1228 1454 1299 1498 esse

263 1535 377 1596 notum
403 1536 470 1612 est,
507 1537 584 1596 ante
614 1552 734 1596 annum
756 1533 820 1596 476
853 1533 902 1596 vel
927 1555 964 1598 eo
988 1535 1059 1618 ipso
1082 1556 1166 1601 anno
1190 1538 1300 1602 omnia

265 1634 426 1700 accidisse
449 1639 596 1715 constat,
621 1656 704 1719 quae
728 1635 770 1700 ad
793 1637 884 1722 illam
906 1636 1101 1703 discordiam
1127 1642 1300 1723 pertinent.

265 1737 328 1803 Vix
359 1742 468 1804 autem
503 1739 591 1804 credi
622 1746 732 1823 potest
763 1745 892 1824 poe'tam
916 1763 972 1807 eas
994 1764 1047 1808 res
1069 1765 1300 1809 commemora-

264 1849 373 1908 turum
397 1842 507 1924 fuisse,
531 1844 557 1908 si
581 1865 711 1908 carmen
728 1845 920 1928 Olympiade
938 1851 978 1910 77
995 1847 1046 1911 vel
1069 1855 1182 1932 postea
1200 1851 1303 1933 soripa

265 1955 334 2014 turn
349 1954 443 2018 esset.
459 1948 644 2013 Clarissima
660 1952 769 2014 autem
787 1949 967 2015 Theronem
984 1958 1058 2034 post
1075 1953 1300 2037 Olympiadem

266 2055 307 2118 76
331 2074 491 2118 summum
512 2053 545 2117 in
568 2051 653 2116 ludis
671 2053 848 2136 Olympiois
864 2054 1019 2121 honorem
1035 2064 1221 2122 assecutum
1237 2079 1299 2122 uon

265 2178 335 2222 esse
358 2156 747 2245 ea1·eapparet,'quod
770 2163 846 2222 ante
868 2159 1009 2240 primum
1033 2160 1235 2244 Olympiadis
1259 2163 1299 2226 77

267 2283 388 2326 annum
417 2267 566 2328 mortuus
599 2261 693 2346 esti).
749 2263 899 2327 Carmine
930 2265 1014 2327 enim
1039 2264 1207 2348 Olympico
1231 2265 1302 2346 XII,

267 2365 354 2447 quod
384 2366 488 2448 primo
521 2353 724 2448 Olympiadis
756 2369 796 2430 76
828 2387 913 2430 anno
945 2369 1101 2451 scriptum
1134 2389 1204 2432 esse
1228 2390 1303 2433 oon-

266 2476 342 2549 stat,
367 2469 573 2534 Himerenees
597 2491 633 2534 eo
658 2477 804 2554 ternpore
821 2471 993 2554 tyrannide
1010 2471 1220 2555 Thrasydaei,
1244 2472 1303 2537 filii

268 2573 442 2655 Theronis,
473 2575 646 2655 liberatos,
677 2574 858 2639 Theronem
883 2580 992 2639 autem
1016 2580 1179 2639 mortuum
1204 2575 1302 2640 fuisse

267 2679 523 2764 cognosciturl).

332 2785 455 2863 Restat,
479 2788 516 2847 ut
537 2783 717 2849 Theronem
740 2789 816 2848 ante
834 2783 1057 2867 Olympiadem
1082 2788 1121 2849 76
1146 2786 1301 2849 victorem

267 2888 488 2952 renuntiatum
525 2910 589 2952 non
628 2909 697 2952 esse
736 2887 987 2954 demonstretur.
1034 2889 1111 2953 Cum
1150 2890 1302 2954 carminis

269 2992 427 3076 Olympici
444 2992 473 3056 ll
498 3014 609 3056 versus
638 2995 673 3055 15
697 2997 730 3055 et
754 2996 803 3071 16,
830 2998 865 3056 ut
880 2997 996 3076 postea
1012 2989 1300 3071 demonstrabitur,

267 3097 319 3160 vix
342 3096 497 3179 explicari
520 3097 663 3180 possint,
688 3097 750 3160 nisi
773 3096 815 3160 ad
838 3118 890 3161 res
913 3119 998 3162 anno
1021 3100 1084 3162 475
1109 3098 1158 3161 vel
1181 3099 1245 3162 476
1269 3097 1303 3160 in

157 3253 162 3260 .
267 3201 379 3267 Sicilia
400 3199 506 3266 factas
539 3199 741 3281 referantur,
776 3223 906 3266 carmen
929 3207 1005 3266 ante
1028 3202 1169 3284 primum
1195 3201 1303 3286 Olym-

268 3305 373 3388 piadis
406 3308 445 3367 76
476 3327 598 3370 annum
630 3306 788 3389 scriptum
818 3327 883 3371 non
913 3327 983 3370 esse
1015 3304 1163 3374 efficitur.
1214 3307 1303 3384 Quae

268 3431 366 3474 eausa
389 3410 416 3472 si
440 3409 492 3472 oui
515 3430 581 3473 non
605 3410 687 3474 eatis
708 3409 802 3474 firma
833 3408 980 3491 videtur,
1016 3431 1144 3475 omnem
1175 3409 1304 3476 dubita-

323 3618 342 3686 1)
361 3617 471 3684 Versus,
492 3631 559 3686 quos
578 3631 660 3688 supra
677 3616 795 3684 laudavi,
813 3617 848 3670 ad
867 3633 908 3686 ea,
926 3633 995 3688 quae
1008 3619 1154 3673 maioribus
1167 3616 1303 3674 Theronis

267 3703 432 3770 acciderunt,
449 3703 608 3759 referendos
626 3719 682 3758 non
700 3718 760 3758 esse
777 3710 873 3774 postea
891 3703 1129 3760 demonstrabitur.

320 3795 343 3857 ²)
362 3791 403 3846 Ol.
421 3791 500 3846 Diod.
517 3791 556 3845 Xl
575 3792 617 3846 48.

320 3881 343 3948 ³)
361 3879 403 3935 cf.
422 3879 502 3934 Holm
521 3879 684 3934 Geschiohte
703 3880 827 3934 Siciliens
846 3881 882 3934 inu
902 3880 1056 3935 Alterthunr
1077 3880 1128 3935 vol.
1148 3880 1159 3934 1
1178 3898 1225 3951 pg.
1243 3881 1303 3934 427.

320 3971 344 4032 ⁴)
365 3966 433 4021 Rem
462 3965 678 4036 praeclarissime
707 3967 854 4021 illustravit
880 3965 1034 4022 Boechhius
1062 3967 1081 4023 l.
1107 3967 1126 4022 l.
1156 3967 1183 4021 lI
1209 3967 1227 4020 2
1256 3984 1302 4038 pg.

267 4052 413 4108 205-709,
