3088 4648
637 351 853 418 ...33-

296 525 455 604 Quoniam
478 524 519 590 de
541 524 684 590 carmine
708 523 878 608 Olympico
907 525 1005 590 tertio
1037 527 1115 589 satis
1139 526 1267 594 videtur

229 629 435 714 disputatum
459 649 539 708 esse,
565 629 631 693 iam
653 626 697 692 ad
719 626 867 692 ultimam
891 630 1171 700 commentationis
1193 653 1268 715 par-

229 745 296 798 tem
325 739 478 811 transeo,
516 750 582 813 qua
613 731 692 796 mihi
723 729 902 796 docendum
938 738 1003 813 est,
1043 754 1106 814 quo
1131 735 1267 800 consilio

228 834 392 906 Pindarus
422 855 551 900 carmen
586 834 790 917 Olympicum
827 833 1003 898 secundum
1041 839 1269 919 composuerit,

233 937 298 1004 Sed
321 939 451 1002 cumin
473 957 513 1004 ea
535 957 571 1002 re
593 937 790 1002 testimoniis
805 941 950 1002 veterum
968 940 1266 1021 grammaticorum,

228 1042 285 1124 qui
307 1043 342 1105 in
362 1039 620 1124 interpretandis
642 1038 778 1104 Pindari
810 1039 1008 1104 carminibus
1039 1062 1171 1125 operam
1194 1065 1268 1109 con·

228 1149 433 1223 sumserunt,
470 1142 621 1208 destituti
648 1142 766 1222 simus,
805 1163 845 1208 ex
865 1144 937 1227 ipso
960 1145 1103 1211 carmine
1125 1145 1268 1229 petenda

230 1252 324 1328 sunt,
364 1244 483 1330 quibus
513 1245 549 1310 id
571 1244 779 1313 diiudicetur.
821 1247 1025 1329 Hartungius
1049 1267 1179 1313 carmen
1202 1271 1267 1332 non

230 1350 273 1415 ad
295 1347 525 1414 celebrandam
555 1348 726 1413 victoriam
758 1349 913 1431 scriptum
945 1370 1015 1415 esse
1047 1359 1175 1432 censet,
1197 1353 1268 1428 vaed

127 1515 130 1523 r
229 1453 408 1519 Pindarum
430 1453 560 1517 omnino
575 1450 733 1517 Theronis
756 1453 894 1517 virtutes
914 1452 1103 1534 praedicare
1127 1455 1267 1521 voluisse

231 1563 282 1637 et,
317 1577 390 1620 oum
414 1554 519 1620 Thero
544 1554 712 1638 Olympiae
736 1555 840 1620 victor
862 1557 1067 1621 renuntiatus
1090 1563 1192 1638 esset,
1229 1579 1267 1625 ca

229 1661 401 1726 occasione
425 1679 519 1723 usum
543 1679 613 1724 esse
637 1658 814 1738 contendit,
837 1663 874 1723 ut
893 1660 1088 1725 amicissimo
1110 1663 1181 1745 regi
1202 1683 1268 1727 me-

228 1765 310 1828 ritas
343 1761 459 1826 laudes
501 1760 668 1828 tribueret.
716 1760 854 1826 Carmen
887 1782 952 1825 uon
987 1763 1172 1844 epinicium,
1210 1764 1268 1830 sed

228 1887 357 1952 paeana
380 1887 452 1932 esse
474 1885 664 1950 persuasum
679 1863 781 1930 habet
803 1870 836 1929 et
859 1864 964 1930 obiter
985 1870 1113 1930 tantum
1136 1871 1267 1951 poetam

228 1971 384 2036 victoriae
415 1967 574 2034 Theronis
603 1969 801 2033 mentionem
835 1965 964 2033 iecisse
985 1967 1136 2039 affirmat.
1193 1970 1267 2053 Sed,

229 2093 313 2159 quae
336 2074 509 2155 unicuique
531 2075 666 2154 patent,
689 2071 785 2137 modo
809 2071 983 2155 diligenter
1006 2073 1113 2156 ipsum
1135 2094 1268 2140 carmen

228 2176 328 2260 legat,
352 2176 408 2242 ille
431 2196 495 2240 non
518 2174 608 2243 vidit.
654 2175 760 2240 Versu
784 2177 869 2241 enim
894 2178 913 2239 5
937 2181 969 2240 et
991 2177 1035 2242 46
1057 2180 1156 2260 potita
1179 2178 1268 2244 clare

228 2279 393 2366 professus
411 2283 461 2343 est
477 2299 511 2343 se
527 2278 709 2346 Theronem
725 2288 860 2364 propter
877 2280 1048 2345 victoriam
1065 2280 1267 2365 Olympioam

228 2383 496 2468 praedicaturum
519 2403 590 2448 esse
602 2385 635 2466 ¹),
659 2383 708 2447 ita
730 2389 767 2446 ut
790 2384 872 2448 alios
894 2404 1016 2465 versus,
1041 2383 1158 2467 quibus
1180 2385 1268 2451 idem

227 2486 403 2571 probatur,
439 2487 591 2552 omittere
620 2488 753 2571 possim,
798 2485 868 2564 Quo
900 2491 1010 2551 autem
1040 2486 1112 2552 loco
1135 2510 1267 2555 carmen

230 2591 433 2674 Olympicum
456 2589 635 2655 secundum
658 2589 833 2655 recitatum
856 2590 917 2669 sit,
950 2589 977 2654 si
998 2591 1205 2672 quaerimus,
1228 2613 1268 2657 ea

229 2715 274 2775 ra,
291 2692 380 2777 quod
394 2697 470 2776 post
485 2693 619 2758 tertium
635 2695 849 2778 compositum
865 2699 925 2772 est,
942 2699 1082 2777 apparet
1098 2693 1268 2780 Olympiae

227 2798 404 2864 in'corona
426 2815 547 2878 eorum,
571 2797 627 2880 qui
650 2796 693 2862 ad
715 2796 810 2862 ludos
827 2796 1023 2881 spectandos
1039 2806 1266 2880 convenerant,

230 2907 398 2966 cantatum
421 2921 486 2964 non
510 2921 590 2968 esse.
635 2900 711 2984 ipso
741 2919 870 2982 quoque
899 2899 1052 2965 carminis
1075 2908 1267 2985 argumento

228 3004 385 3070 docemur
406 3025 427 3068 a
442 3002 584 3069 Pindaro
608 3024 646 3069 eo
669 3004 804 3069 consilio
826 3002 862 3069 id
885 3004 1103 3088 compositum
1126 3025 1207 3086 esse,
1230 3012 1268 3070 ut

230 3108 403 3191 Agrigenti
426 3105 625 3173 cantaretur.
671 3107 818 3191 Namque
850 3127 922 3188 res,
956 3126 1037 3189 quas
1070 3106 1113 3172 ad
1135 3128 1268 3174 carmen
1359 3125 1361 3130 ·

229 3217 318 3279 recte
334 3210 589 3294 intellegendum
606 3211 736 3278 novisse
750 3231 832 3295 opus
849 3217 930 3292 erat,
953 3211 1007 3276 vix
1029 3211 1181 3295 cuiquam
1202 3211 1267 3278 nisi

230 3314 457 3400 Agrigentinis
479 3316 561 3380 satis
583 3322 681 3382 notae
704 3321 808 3397 erant,
836 3314 876 3380 iis
899 3319 1010 3380 autem
1032 3335 1071 3380 ac
1092 3315 1268 3399 praecipue

284 3526 307 3588 1)
327 3521 366 3575 Cf.
387 3520 422 3575 01
449 3521 473 3574 Il
494 3522 525 3577 52

387 3609 505 3691 Θήρωνα
526 3612 556 3671 δὲ
576 3609 738 3690 τετραορίας
756 3609 837 3668 ἕνεκα
857 3608 1008 3688 νικαφόρου

385 3707 566 3784 γεγωνητέον.

283 3797 325 3854 01.
345 3801 370 3854 ll
388 3802 438 3854 46:

387 3927 422 3943 ..
447 3931 452 3942 .
476 3932 482 3947 .
508 3887 607 3965 πρέπει
624 3887 672 3946 τὸν
693 3885 885 3964 Αἰνησιδάμου

387 3980 533 4057 ἐγκωμίων
554 4003 584 4040 τε
605 3980 714 4058 μελέων
734 3983 819 4058 λορᾶν
840 4001 871 4039 τε
887 3979 1069 4061 τυγχανέμεν.

385 4070 527 4152 Ὀλυμπίᾳ
549 4075 599 4153 μὲν
621 4074 673 4154 γὰρ
694 4072 778 4138 αὐτὸς
796 4073 878 4153 γέρας
899 4072 994 4134 ἔδεκτο
1015 4120 1022 4136 .
1044 4117 1051 4131 .
1074 4118 1081 4134 .
1144 4150 1162 4212 3
