3088 4648
694 335 887 399 ..6-

274 512 417 594 perimus
429 510 465 593 ¹),
490 509 651 594 carent2).
675 508 738 574 Sed
759 514 893 593 postero
915 530 1045 593 quoque
1068 516 1215 594 tempore
1232 534 1311 596 quo-

275 614 384 678 tannis
408 613 451 679 ad
472 613 688 678 revocandam
718 613 874 680 victoriae
905 615 1094 681 memoriam
1118 614 1186 680 dies
1210 615 1311 682 festus

275 715 444 800 agebatur,
469 722 501 781 et
524 716 620 781 facile
636 716 838 801 intellegitur
861 739 901 783 ea
916 719 1071 799 carmina,
1095 740 1178 802 quae
1194 720 1312 785 eximia

275 819 458 903 argumenti
501 820 688 904 granditate
726 826 758 886 et
796 841 923 886 summa
961 822 1203 905 compositionis
1241 830 1312 888 arte

276 923 458 1004 excellunt,
494 945 515 988 a
545 927 643 1007 poeta
665 922 789 1007 scripta
812 944 892 1005 esse,
924 928 961 988 ut
983 924 1017 988 in
1039 923 1080 988 iis
1103 924 1313 990 sollemnibus

275 1026 510 1106 recitarentur,
544 1046 628 1110 quae
661 1025 791 1110 publice
821 1048 939 1110 magno
970 1048 1043 1092 cum
1075 1034 1238 1111 apparatu
1265 1030 1313 1092 in-

275 1129 367 1194 stitui
396 1128 554 1201 solebant.
607 1131 646 1195 In
677 1130 820 1213 singulis,
843 1131 945 1214 igitur
976 1131 1174 1197 carminibus
1200 1133 1313 1214 quaeri

275 1239 401 1317 potest,
424 1239 535 1299 utrum
559 1257 578 1301 a
600 1238 699 1319 podta
721 1235 902 1318 composita
926 1236 1010 1316 sint,
1038 1241 1075 1300 ut
1099 1236 1212 1301 statim
1235 1242 1310 1320 post

278 1338 448 1402 victoriam
477 1359 519 1403 an
548 1342 625 1422 post
652 1338 784 1403 victoris
816 1339 850 1404 in
873 1340 1015 1423 patriam
1037 1339 1180 1404 reditum
1203 1346 1313 1405 canta·

279 1445 403 1522 rentur,
428 1446 537 1505 utrum
561 1462 581 1506 a
602 1440 744 1506 Pindaro
767 1441 890 1525 scripta
908 1442 983 1523 sint,
1007 1447 1045 1506 ut
1065 1443 1137 1526 ipso
1161 1443 1223 1524 die,
1248 1465 1313 1527 quo

278 1544 380 1610 victor
402 1541 515 1608 urbem
536 1542 700 1624 intrabat,
732 1566 774 1609 an
797 1549 834 1608 ut
855 1550 986 1628 postea,
1017 1567 1090 1610 oum
1114 1547 1220 1612 denuo
1243 1547 1313 1614 dies

278 1646 380 1712 festus
404 1646 448 1713 ad
470 1648 641 1713 victoriam
665 1647 893 1713 celebrandam
915 1649 1087 1716 institutus
1110 1656 1204 1731 esset,
1234 1653 1314 1718 reci-

276 1757 436 1820 tarentur.
460 1749 533 1818 Non
554 1753 588 1817 in
612 1749 760 1817 omnibus
776 1750 974 1816 carminibus
997 1751 1059 1819 hoc
1082 1760 1172 1820 certo
1196 1753 1314 1820 diiudi-

276 1857 345 1920 cari
367 1861 485 1939 potest,
509 1855 565 1921 sed
588 1857 621 1920 in
645 1855 786 1922 secundo
811 1861 844 1921 et
865 1857 964 1922 tertio
981 1857 1124 1924 carmine
1143 1859 1313 1944 Olympico

277 1960 357 2026 satis
380 1958 531 2045 gravibus
554 1959 756 2044 argumentis
772 1965 805 2025 et
820 1965 912 2026 certa
926 1962 1065 2043 ratione,
1090 1982 1154 2045 quo
1176 1965 1313 2030 consilio

276 2085 297 2129 a
318 2063 460 2130 Pindaro
483 2066 665 2148 composita
687 2065 770 2146 sint,
802 2064 932 2132 videtur
962 2065 1179 2132 demonstrari
1206 2089 1314 2152 posse,

277 2187 474 2251 quamquam
496 2167 530 2232 in
552 2172 664 2251 partes
687 2189 823 2252 prorsus
839 2167 986 2235 diversas
1008 2169 1227 2236 discesserunt
1251 2173 1310 2238 viri

276 2270 381 2352 docti,
413 2271 469 2355 qui
492 2269 532 2336 de
563 2291 603 2336 ea
626 2291 661 2336 re
684 2271 840 2338 iudicium
858 2271 1016 2342 fecerunt.
1062 2273 1150 2351 Quae
1174 2296 1246 2339 cum
1270 2274 1314 2340 ad

275 2375 349 2458 ipsa
378 2373 459 2440 haec
490 2375 636 2440 carmina
666 2379 756 2441 recte
786 2375 1006 2460 intellegenda
1037 2379 1154 2442 summi
1178 2380 1221 2443 sit
1243 2399 1312 2444 mo-

276 2478 386 2560 menti,
409 2477 560 2544 snbtilius
581 2479 666 2545 hanc
690 2480 913 2564 quaestionem
937 2481 1122 2546 examinare
1146 2487 1188 2562 et,
1211 2504 1315 2565 quan·

277 2586 347 2646 tum
375 2603 435 2666 per
464 2603 515 2650 me
538 2582 609 2650 fieri
631 2588 760 2668 posset,
789 2583 832 2652 ad
854 2584 1015 2668 liquidum
1038 2585 1216 2669 perducere
1240 2607 1315 2652 con-

277 2686 377 2756 sumt

342 2790 527 2875 Utrumque
558 2813 689 2858 carmen
721 2792 763 2859 ad
795 2793 930 2859 eandem
953 2793 1111 2858 Theronis
1144 2795 1314 2862 victoriam

276 2895 441 2979 pertinere
464 2918 502 2961 ea
524 2918 560 2962 re
584 2896 834 2981 comprobatur,
859 2897 955 2980 quod,
980 2901 1140 2981 quantum
1163 2919 1222 2964 nos
1246 2899 1316 2982 qui-

277 2999 351 3065 dem
375 3020 568 3084 cognoscere
590 3022 772 3085 possumus,
801 3000 907 3067 Thero
930 3004 1030 3067 semel
1052 3007 1182 3067 tantum
1208 3001 1317 3086 Olym-

277 3103 351 3187 piae
387 3102 491 3169 victor
528 3106 738 3170 renuntiatus
780 3111 835 3171 est.
891 3104 1054 3190 Heynius,
1093 3126 1190 3188 quem
1225 3104 1317 3172 binas

279 3205 437 3271 Theronis
459 3208 613 3272 victorias
636 3208 822 3292 Olympicas
851 3208 1006 3273 statuisse
1037 3209 1139 3274 exiis
1163 3209 1315 3293 comperi,

279 3329 363 3392 quae
386 3309 567 3376 Boeekhius
600 3311 643 3377 ad
673 3311 848 3377 secundum
874 3333 1005 3378 carmen
1029 3312 1232 3398 Olympicum
1264 3333 1317 3378 ex-

279 3413 442 3500 posuit³)‚
476 3414 546 3480 sine
575 3415 675 3482 dubio
704 3416 843 3498 erravit,
878 3436 951 3482 curn
982 3418 1135 3484 carminis
1169 3416 1317 3483 Isthmici

352 3653 373 3719 1)
391 3648 433 3704 uf.
452 3649 536 3705 schol.
555 3649 590 3706 ad
603 3650 743 3720 Euripidis
761 3649 829 3708 Hec.
848 3669 873 3706 ν.
892 3651 959 3706 647:
979 3650 1067 3712 ἰστέον
1088 3653 1118 3710 δὲ
1139 3651 1181 3712 ὅτι
1202 3653 1251 3730 τὴν
1267 3653 1317 3730 μὲν

281 3746 404 3824 στροφὴν
423 3745 580 3825 κινούμενοι
601 3747 670 3826 πρὸς
691 3748 725 3808 τὰ
746 3743 867 3816 debriet
886 3747 1018 3829 χορευταὶ
1038 3744 1123 3827 ᾖδον,
1152 3749 1202 3826 τὴν
1224 3745 1246 3807 δ’
1249 3748 1318 3808 ἀντι·

282 3841 404 3919 στροφὴν
423 3843 492 3920 πρὸς
512 3843 546 3902 τὰ
565 3842 704 3922 ἀριστερὰ,
724 3845 774 3921 τὴν
796 3839 818 3902 δ’
841 3843 949 3922 ἐπῳδὸν
973 3843 1116 3920 ἱστάμενοι
1137 3840 1213 3924 ᾖδον.

352 3954 375 4019 2)
394 3951 434 4007 Cl-
454 3953 496 4012 Ol.
514 3955 587 4023 XIV,
606 3955 683 4026 Pyth.
707 3955 749 4022 Vl,
768 3953 829 4021 Xll,
848 3954 940 4010 lsihm.
961 3955 1021 4024 Vll,
1038 3955 1115 4012 Nem.
1137 3955 1181 4022 lv,
1201 3956 1246 4010 IX.

353 4056 374 4125 3)
393 4056 465 4110 Dicit
482 4058 553 4111 enim
572 4059 625 4112 vol.
645 4058 670 4112 11
688 4058 705 4112 2
723 4074 767 4127 pg.
782 4061 841 4114 114:
860 4065 941 4126 ,errat
953 4058 1075 4130 Heynius
1093 4060 1171 4114 binas
1184 4059 1319 4114 Theronis
