3088 4648
230 1316 483 1432 Argumentum
522 1351 556 1412 et
593 1345 862 1430 compositionem
898 1348 1100 1430 singulorum
1135 1332 1270 1414 Pindari

232 1451 412 1516 carminum
436 1450 464 1515 si
487 1448 742 1529 consideramus,
766 1449 862 1516 facile
881 1453 1097 1536 perspicimus
1111 1452 1270 1519 nonnulla

232 1554 346 1620 statim
367 1559 443 1638 post
459 1553 631 1619 victoriam
654 1553 759 1637 ipsam
782 1573 821 1618 eo
844 1554 928 1635 loco,
950 1576 1016 1638 quo
1037 1555 1108 1621 ludi
1129 1555 1271 1640 ageban-

230 1664 296 1740 tur,
320 1677 341 1722 a
363 1660 463 1742 po'e'ta
486 1657 612 1740 scripta
635 1660 669 1722 et
691 1657 726 1720 in
749 1677 872 1723 corona
894 1678 1017 1739 eorum,
1039 1659 1095 1742 qui
1117 1658 1162 1725 ad
1175 1657 1271 1724 ludos

230 1759 428 1846 spectandos
444 1764 674 1842 convenerant,
698 1759 839 1825 recitata
854 1781 925 1826 esse
935 1762 970 1846 ¹).
1003 1762 1087 1827 Nam
1103 1783 1177 1828 cum
1198 1760 1271 1828 bre-

230 1865 363 1930 vissimo
393 1871 540 1950 tempore
571 1885 610 1930 ea
639 1864 786 1929 carmina
815 1883 881 1930 nou
912 1865 1016 1929 solum
1048 1865 1271 1951 componenda

230 1968 287 2035 sed
310 1969 408 2035 etiam
431 1967 579 2035 docenda
608 1973 736 2049 essent,
770 1967 971 2053 simpliciora
999 1973 1077 2034 sunt
1098 1990 1197 2054 quam
1221 1991 1272 2035 re·

229 2073 337 2157 lique,
375 2073 409 2137 in
442 2072 561 2156 quibus
596 2069 840 2138 conseribendis
871 2075 971 2156 polita
1003 2071 1079 2157 plus
1112 2073 1271 2158 temporis

230 2197 420 2252 consumere
450 2177 562 2260 itaque
592 2176 750 2242 maiorem
782 2180 889 2241 artem
922 2181 1093 2260 praestare
1125 2183 1268 2261 poterat.

231 2280 392 2364 Pleraque
415 2285 544 2361 autem,
583 2300 667 2364 quae
689 2277 785 2356 nobis
807 2278 934 2346 tradito
954 2286 1048 2362 sunt,
1085 2280 1273 2348 carminaa

230 2383 372 2450 Pindaro
396 2384 584 2468 conscripta
606 2383 758 2449 videntur
780 2403 861 2466 esso,
883 2388 922 2450 ut
942 2390 1058 2469 postea
1080 2385 1115 2450 in
1137 2382 1272 2450 victoris

230 2487 341 2572 patria
374 2491 597 2555 cantarentur.
653 2486 747 2552 Cives
782 2485 869 2552 eninr
902 2506 1028 2553 summo
1061 2485 1177 2554 honori
1208 2483 1272 2552 sibi

232 2589 415 2672 ducebant,
450 2591 479 2656 si
501 2612 585 2656 unus
608 2590 816 2676 exipsorum
838 2611 974 2658 numero
995 2592 1030 2657 in
1053 2589 1272 2658 celeberrimis

229 2695 295 2760 illis
333 2694 441 2777 ludis,
479 2693 599 2779 quibus
635 2695 788 2762 universa
827 2693 896 2760 lere
937 2694 1077 2762 Graecia
1114 2695 1272 2761 interesse

230 2785 377 2880 solebat,
409 2819 530 2866 corona
563 2803 701 2866 ornatus
722 2804 802 2867 erat.
849 2798 1119 2887 Splendidissima
1140 2819 1271 2884 pompa,

231 2923 315 2987 quae
349 2908 438 2968 recte
474 2924 547 2968 eum
582 2901 750 2987 triumpho
783 2901 1018 2986 imperatorum
1051 2902 1270 2969 Romanorum

231 3012 422 3090 comparata
445 3013 504 3088 est,
528 3007 633 3073 victor
652 3027 753 3072 ovans
768 3006 804 3070 in
818 2993 933 3074 urbem
949 3005 1115 3090 ingressus
1129 3003 1270 3092 primum

229 3109 273 3176 ad
296 3111 453 3194 templum
467 3109 531 3192 dei,
553 3110 606 3175 cui
628 3109 805 3195 praecipue
820 3106 861 3175 ob
877 3109 1045 3176 victoriam
1068 3113 1269 3194 reportatam

230 3215 340 3299 gratia
369 3213 542 3280 referenda
573 3235 643 3280 esse
677 3212 870 3296 videbatur,
907 3211 1107 3298 procedebat
1129 3219 1162 3278 ct
1184 3210 1270 3292 iude,

230 3339 304 3383 oum
327 3317 489 3384 sacrificia
512 3318 575 3383 rite
597 3324 736 3403 peracta
759 3323 878 3398 essent,
900 3315 1172 3402 prosequentibus
1195 3315 1272 3382 civi·

230 3421 290 3486 bus
321 3415 451 3485 domum
484 3443 577 3487 suam
608 3421 749 3493 redibat
792 3422 832 3486 ln
864 3422 938 3506 ipsa
967 3420 1030 3488 bac
1051 3440 1171 3506 pompa
1194 3439 1273 3486 noo·

229 3527 321 3591 nulla
345 3529 491 3591 earmina
515 3533 650 3592 cantata
673 3546 745 3592 osse
767 3547 807 3592 ea
828 3546 865 3592 re
887 3532 1044 3611 apparet,
1079 3523 1167 3610 quod
1197 3543 1271 3590 ooo·

232 3631 369 3696 tinuatis
392 3629 505 3696 iisdem
530 3630 674 3715 strophis
696 3631 907 3697 continentur
928 3639 963 3694 et
985 3626 1102 3714 epodo,
1130 3646 1227 3712 quom
1251 3645 1272 3692 a

232 3733 329 3800 choro
352 3756 417 3801 uon
444 3735 651 3819 procedente,
681 3733 740 3801 sod
770 3737 1072 3800 innocentorum
1095 3750 1165 3798 esee
1187 3749 1272 3798 oom-

233 3893 434 3902 ——.---..........

293 3977 331 4119 'pl
353 3977 393 4031 cf.
424 3977 447 4030 L
475 3976 599 4033 Schmidt
625 3974 742 4033 Pindaro
769 3973 863 4032 beben
893 3969 950 4030 nod
980 3969 1120 4038 chbtoou
1148 3985 1195 4046 pp.
1211 3969 1273 4030 ew.

232 4064 275 4121 01.
333 4065 357 4118 ll
377 4065 472 4122 9-10.
