3088 4648
701 277 743 288 ...
791 218 916 302 18'...

296 415 348 482 36.
394 415 570 496 Postquam
595 409 755 476 Pindarus
785 410 959 475 Herculem
990 430 1064 474 cum
1087 409 1253 476 Dioscuris
1287 411 1328 476 ad

296 517 466 582 sollemnia
488 516 597 581 venire
618 515 781 594 narravit,
814 513 942 593 statim,
972 517 1011 577 ut
1033 533 1165 578 oausam
1189 515 1258 578 eius
1281 515 1328 579 rei

295 626 448 705 exponat,
472 618 623 685 ludorum
647 617 890 701 Olympicorum
912 616 1229 683 administrationem
1252 617 1329 682 filiis

294 721 403 788 Ledae
425 722 467 790 ab
491 721 631 788 Hercule
653 720 809 785 traditam
834 741 904 785 esse
927 719 1017 786 dicit.
1052 721 1168 804 Itaque
1191 721 1329 787 solvitur

293 827 529 892 sententiarum
552 846 654 890 nexus
677 845 788 890 versus
811 827 852 888 36
882 821 944 911 γὰρ
970 825 1133 907 particula
1155 824 1328 906 indicatus,

294 930 358 996 nisi
394 927 510 1008 verba,
549 928 590 994 de
623 927 741 1011 quibus
779 928 905 1011 agitur,
941 927 984 993 ad
1016 927 1112 993 ludos
1144 928 1329 1012 Olympicos

293 1038 451 1117 spectant.
496 1033 578 1098 Nam
602 1030 689 1115 quod
714 1032 880 1096 Dioscuris
910 1030 952 1096 ab
975 1031 1150 1097 Alcmenae
1180 1031 1248 1098 filio
1279 1033 1328 1097 lu-

292 1136 408 1202 dorum
430 1157 509 1202 cura
530 1136 701 1201 commissa
724 1141 791 1214 est,
824 1156 859 1200 re
887 1154 965 1200 vera
996 1155 1095 1200 causa
1117 1155 1187 1201 esse
1209 1141 1327 1219 potest,

293 1261 351 1304 cur
375 1240 534 1305 cumillis
558 1238 601 1304 ad
622 1239 711 1322 ipsos
734 1238 828 1303 ludos
850 1238 977 1319 veniat,
1011 1238 1069 1304 sed
1090 1239 1238 1320 minime,
1270 1261 1329 1304 cur

294 1363 369 1408 cum
390 1345 431 1408 iis
452 1343 495 1409 ad
518 1342 609 1408 aliud
637 1341 805 1426 quodlibet
835 1341 991 1408 sollemne
1019 1363 1054 1407 se
1076 1342 1233 1411 conferat.
1278 1345 1327 1408 An

292 1453 447 1530 putamus
469 1448 535 1511 iam
558 1445 708 1510 Herculis
730 1467 800 1512 esse
823 1444 972 1512 omnibus
995 1445 1214 1528 sollemnibus,
1242 1468 1327 1530 quae

293 1550 328 1615 in
353 1549 583 1617 Dioscurorum
605 1548 760 1615 honorem
783 1548 982 1633 agebantur,
1015 1549 1200 1615 interesse?
1245 1549 1326 1616 Cum

294 1653 396 1736 igitur
432 1651 530 1718 verba
563 1648 598 1728 ἐς
632 1647 751 1717 ταύταν
781 1648 895 1741 ἑορτάν
934 1652 977 1717 ad
1014 1651 1109 1718 ludos
1142 1653 1327 1738 Olympicos

294 1761 442 1840 spectare
465 1762 641 1840 appareat,
675 1760 806 1840 podtom
829 1763 887 1822 aut
910 1757 1072 1836 versibus,
1103 1758 1160 1840 qui
1182 1759 1327 1841 proxime

295 1859 510 1940 antecedunt,
543 1859 694 1925 ludorum
718 1860 962 1945 Olympicorum
993 1862 1190 1926 mentionem
1213 1861 1327 1926 fecisse

297 1970 356 2029 aut
377 1963 501 2046 ipsum,
531 1983 604 2027 cum
628 1983 757 2027 carmen
781 1969 1006 2046 componeret,
1033 1964 1120 2029 ludis
1141 1964 1327 2030 interfuisse

297 2066 505 2134 statuendum
535 2070 595 2130 est.
642 2066 734 2148 Ipsos
760 2072 871 2156 autem
901 2065 996 2130 ludos
1021 2066 1208 2152 Olympicus
1230 2072 1327 2151 polita

294 2169 370 2238 inde
393 2191 413 2234 a
435 2190 530 2234 versu
556 2170 594 2232 15
617 2168 707 2234 nullo
728 2167 826 2232 uerbo
850 2170 978 2250 tetigit3
1012 2192 1108 2236 versu
1131 2173 1173 2237 33
1197 2172 1326 2256 quidem

294 2273 467 2341 Herculem
490 2270 623 2336 arbores
646 2270 688 2336 ab
710 2270 932 2356 Hyperboreis
955 2279 1107 2356 acceptas
1129 2275 1164 2338 in
1186 2274 1327 2340 stadium

296 2376 500 2462 Olympicum
522 2375 730 2440 transtulisse
752 2380 878 2456 narrat,
904 2375 963 2440 sed
984 2376 1046 2459 ipsi
1067 2376 1137 2442 ludi
1159 2399 1199 2443 ne
1222 2376 1328 2444 obiter

294 2480 426 2568 quidem
448 2484 759 2560 commemorantur,
798 2481 848 2545 ita
878 2487 915 2544 ut
946 2473 1124 2564 pronomen
1145 2477 1265 2546 ταύταν
1286 2482 1327 2549 ad

292 2607 366 2654 eum
396 2603 523 2647 versum
554 2580 641 2645 haud
671 2580 767 2646 facile
797 2581 927 2648 referas.
975 2585 1092 2666 Itaque
1114 2586 1253 2650 alteram
1276 2609 1328 2652 ex-

292 2690 521 2776 plicationem,
555 2707 620 2768 qua
642 2684 820 2750 Pindarum
841 2685 967 2768 ipsum,
998 2707 1071 2752 oum
1095 2709 1225 2754 carmen
1248 2691 1328 2754 scri-

293 2794 401 2870 beret,
427 2789 596 2874 Olympiae
619 2787 705 2853 ludis
727 2786 915 2852 interfuisse
939 2790 1115 2868 statuitur,
1141 2792 1326 2876 praeferen-

292 2899 366 2965 dam
390 2915 460 2961 esse
483 2897 627 2977 apparet.

354 3000 445 3066 Idem
467 2997 564 3062 etiam
588 2994 709 3059 certius
743 3015 782 3058 ex
814 2993 856 3059 iis
888 2995 1036 3063 versibus
1066 2999 1177 3084 colligi
1207 3007 1325 3086 potest,

292 3106 408 3194 quibus
432 3100 591 3166 Pindarus
625 3097 753 3162 coronis
788 3096 931 3164 crinibus
964 3101 1098 3168 insertis
1133 3103 1276 3170 officium
1306 3129 1326 3171 a

291 3215 351 3283 deo
374 3205 584 3276 constitutum
615 3222 635 3266 a
666 3221 700 3265 se
731 3199 875 3284 flagitari
905 3202 986 3269 dicit
997 3204 1034 3287 ¹).
1080 3205 1164 3270 Nam
1194 3211 1324 3291 poetam

291 3323 396 3407 ipsum
419 3328 554 3379 coronas
577 3304 695 3370 vidisse
710 3324 843 3369 necesse
860 3310 920 3385 est,
944 3305 994 3373 ita
1008 3311 1045 3372 ut
1061 3327 1172 3374 eorum
1188 3317 1323 3395 aspectu

294 3424 390 3495 officii
423 3412 606 3486 admonitus
643 3407 695 3474 sit.
741 3407 944 3474 Scholiastae
978 3411 1109 3495 quidem
1146 3413 1244 3478 verba
1280 3413 1322 3477 ad

291 3517 459 3602 sollemnia
481 3514 649 3604 Agrigenti
673 3515 747 3576 acta
770 3518 919 3595 spectare
942 3522 1084 3584 censent.
1110 3516 1173 3583 Sed
1195 3516 1256 3581 hoc
1280 3555 1321 3564 —

294 3679 365 3811 ἶ)
383 3737 424 3794 Cf.
443 3747 523 3789 carm.
543 3725 583 3781 01.
601 3720 641 3777 Ill
660 3719 735 3774 6-7‚

393 3892 400 3904 ,
422 3893 427 3901 ,
449 3887 456 3901 .
477 3833 535 3896 ἐπεὶ
555 3828 675 3914 χαίταισι
695 3822 745 3902 μὲν
767 3821 930 3902 ζευχθέντες
950 3822 995 3883 ἔπι
1016 3825 1146 3904 στέφανοι

392 3929 544 4018 πράσσοντί
563 3948 598 4005 με
616 3922 698 3983 τοῦτο
717 3915 874 3995 belopares
895 3917 986 3999 χρέος.

387 4216 1171 4618 fin
1247 4483 1258 4495 ι
