3088 4648
670 339 886 398 „34-

262 508 404 575 'l'heroni
426 507 559 589 eiusque
584 507 697 572 amicis
720 505 877 572 altissime
899 515 1006 572 mente
1026 507 1215 575 haerebant.
1247 510 1301 574 lta

262 612 334 678 fieri
357 617 506 695 poterat,
536 616 591 691 ut,
622 629 844 695 quaecumque
867 611 982 676 leviter
1004 617 1133 677 tantum
1156 617 1190 677 et
1213 617 1300 676 tecte

262 715 406 781 indicata
422 724 526 793 erant,
550 713 679 796 penitus
696 713 737 779 ab
752 715 792 778 iis
809 721 1090 796 cognoscerentur.
1122 716 1301 798 Postquam
1373 767 1378 772 .

263 820 348 883 enirn
369 818 516 901 poetam
532 817 707 899 prooemio,
731 816 819 898 quod
834 817 980 882 versibus
1006 821 1088 880 1-7
1105 803 1300 898 continetur,

262 922 443 986 Theronem
466 919 527 984 sibi
544 920 798 1003 praedicandum
814 941 884 985 esse
903 920 1067 1003 professus
1088 927 1145 996 est,
1169 920 1301 985 fortuna

262 1026 421 1090 maiorum
454 1022 612 1087 Theronis
646 1028 800 1087 enarrata
832 1021 1034 1088 demonstrat
1064 1045 1116 1087 res
1147 1023 1301 1088 adversas

263 1133 296 1192 et
320 1125 479 1192 secundas
501 1128 534 1189 in
557 1126 722 1190 hominum
745 1126 813 1189 vita
844 1127 1035 1190 commixtas
1067 1147 1154 1205 esse3
1189 1126 1300 1191 multis

261 1229 429 1296 laboribus
452 1230 614 1312 superatis
637 1229 711 1292 illos
734 1226 777 1292 ad
799 1229 903 1312 ripam
927 1227 1069 1294 fluminis
1104 1229 1213 1294 sedem
1236 1228 1301 1293 col-

262 1337 387 1404 locasse
411 1339 444 1398 et
467 1353 656 1416 prosperam
682 1330 904 1395 condicionem
928 1336 1042 1396 nactos
1065 1353 1145 1400 esse.
1177 1332 1301 1396 Deinde

262 1439 371 1502 Iovem
393 1434 599 1519 Olympicum
620 1440 782 1516 precatus,
807 1441 843 1497 ut
865 1435 1006 1517 posteris
1029 1456 1140 1500 eorum
1164 1434 1302 1518 benigne

264 1539 356 1606 sedes
379 1537 528 1604 conditas
552 1544 711 1617 servaret,
740 1537 950 1616 inimicitias,
984 1559 1067 1620 quae
1090 1539 1200 1622 paullo
1224 1541 1301 1602 ante

261 1647 347 1708 inter
364 1641 544 1707 Theronem
568 1647 601 1704 et
616 1641 792 1706 Hieronem
817 1643 859 1705 ob
882 1640 1018 1706 insidias
1032 1643 1182 1725 Polyzelo
1204 1662 1301 1724 para-

262 1754 314 1812 tae
335 1751 427 1811 ortae
450 1752 562 1836 erant,
596 1744 712 1809 leviter
742 1746 908 1827 attingens
939 1744 1032 1810 addit
1054 1757 1181 1824 rerum,
1217 1765 1300 1826 quae

262 1850 328 1914 sive
351 1849 421 1913 iure
444 1849 510 1912 sive
533 1848 653 1912 iniuria
683 1847 793 1913 factae
823 1849 906 1928 sint,
942 1848 1022 1928 nihil
1054 1849 1209 1914 infectum
1231 1847 1303 1912 fieri

261 1973 371 2036 posse,
398 1950 592 2016 obliuionem
614 1956 744 2016 tanturn
768 1972 880 2015 earum
901 1953 1012 2035 parari
1034 1973 1129 2035 posse
1143 1971 1302 2034 prospera

262 2056 403 2121 fortuna.
435 2054 532 2119 Patet
555 2075 626 2118 eam
650 2055 882 2133 calamitatem,
906 2054 997 2117 euius
1022 2054 1181 2118 medelam
1204 2058 1303 2136 potita

266 2180 287 2224 a
301 2157 414 2223 futura
429 2157 587 2222 felicitate
603 2164 781 2240 exspectat,
804 2156 915 2239 paullo
931 2163 1008 2220 aute
1025 2157 1182 2221 accidisse
1198 2177 1303 2240 neque

261 2267 333 2326 tum
356 2258 579 2326 oblitteratam
601 2259 711 2325 fuisse.
757 2259 870 2342 Neque
893 2259 1028 2323 dubium
1052 2267 1117 2338 e'st,
1150 2260 1227 2340 quin
1250 2260 1303 2324 hic

261 2365 355 2430 locus
377 2365 412 2428 in
436 2363 577 2444 scholiis,
601 2364 655 2429 ubi
680 2365 809 2448 copiose
832 2363 871 2427 de
895 2383 933 2426 ea
949 2385 984 2426 re
1002 2363 1189 2445 disputatur
1204 2369 1320 2444 atque
1424 2427 1428 2452 ι

264 2469 332 2551 ipse
357 2467 514 2551 Didymus
536 2472 651 2534 auctor
672 2469 859 2533 nominatur
871 2467 906 2552 ¹),
941 2471 1029 2530 recte
1052 2466 1095 2530 ad
1115 2460 1304 2531 inimicitias

262 2573 349 2637 inter
365 2571 546 2636 Theronem
562 2576 596 2636 et
611 2571 787 2636 Hieronem
804 2577 893 2635 ortas
908 2570 1078 2640 referatur.
1111 2569 1174 2634 Vix
1194 2576 1304 2635 autem

262 2675 352 2740 credi
375 2680 484 2757 potest
506 2695 561 2739 eas
583 2696 636 2740 res
660 2673 820 2753 omnibus
846 2673 902 2756 qui
925 2673 968 2738 ad
990 2672 1085 2737 ludos
1106 2673 1303 2756 spectandos

264 2778 446 2862 Olympiam
460 2783 687 2858 convenerant,
705 2778 785 2842 satis
803 2783 898 2841 notas
914 2775 1024 2856 fuisse,
1042 2782 1089 2856 ut,
1112 2774 1191 2858 quid
1205 2775 1304 2859 poeta

262 2887 332 2946 tam
365 2886 452 2946 tecte
483 2880 689 2965 designaret,
724 2886 964 2964 cognoscerent.
1010 2879 1077 2944 Soli
1099 2878 1304 2962 Agrigentini

263 3005 329 3050 non
349 2984 555 3067 ignorabant,
581 3005 646 3067 quo
669 2982 769 3049 verba
791 2987 908 3067 potitae
930 2984 1078 3049 consulto
1096 2983 1250 3065 ambigua
1271 2985 1305 3046 et

263 3085 466 3154 subobscura
489 3093 692 3171 spectarent,
716 3087 794 3170 quid
817 3087 905 3167 iure,
937 3086 1017 3170 quid
1038 3085 1159 3151 iniuria
1180 3084 1304 3151 facturn

264 3190 448 3276 significare
470 3190 580 3259 vellet.
601 3177 726 3274 Itaque¹
741 3189 875 3256 dubium
899 3211 964 3256 non
988 3195 1048 3270 est,
1072 3189 1150 3272 quin
1173 3209 1304 3254 carmen

264 3293 435 3378 Agrigenti
457 3298 626 3359 cantatum
649 3295 702 3376 sit,
727 3300 761 3360 et
784 3294 846 3360 hoc
861 3315 962 3360 unum
978 3296 1094 3374 restat,
1117 3298 1154 3357 ut
1171 3290 1303 3358 delinia-

264 3418 346 3479 mus,
368 3401 480 3462 utrum
502 3418 523 3462 a
545 3395 687 3464 Pindaro
710 3401 867 3484 scriptum
892 3399 943 3479 sit,
977 3401 1015 3462 ut
1035 3399 1069 3462 in
1093 3395 1304 3463 sollemnibus

263 3500 394 3587 publice
417 3501 460 3566 ad
484 3499 710 3567 celebrandam
732 3503 902 3568 victoriam
918 3499 1128 3568 instituendis
1150 3500 1304 3566 audiente

264 3604 415 3672 universo
437 3604 558 3689 populo
581 3624 645 3685 an,
667 3606 761 3671 utin
785 3606 1013 3671 comissatione
1036 3604 1124 3670 domi
1147 3605 1303 3671 Theronis

263 3707 413 3794 paranda
435 3707 642 3774 audientibus
665 3709 780 3775 amicis
803 3715 837 3775 et
859 3706 1077 3776 familiaribus
1092 3710 1302 3776 recitaretur.

264 3809 444 3880 Haerterns
467 3810 644 3880 Pindarum
674 3833 806 3880 carmen
830 3813 1035 3898 Olympicum
1065 3812 1242 3878 seeundum
1264 3829 1303 3877 eo

265 3952 470 3965 ———-—-..-.

320 4020 341 4085 ¹)
360 4017 400 4074 Of.
420 4018 503 4076 schol.
523 4017 559 4076 ad
577 4035 602 4076 v.
620 4020 655 4076 29
673 4023 719 4092 (z
737 4023 771 4109 ις
783 4055 793 4082 ,
806 4040 917 4071 „Q
