3088 4648
651 316 844 381 ..7ss

231 493 364 559 secundi
388 512 499 558 versus
529 491 658 556 tto-28
688 490 732 556 ad
754 492 891 556 alteram
915 491 1072 556 Theronis
1095 491 1264 555 victoriam

232 595 421 664 referendos
451 616 521 661 esse
546 593 757 665 contenderit.
800 595 948 678 Namque
970 594 1032 659 hoc
1054 595 1145 659 nullo
1169 595 1264 659 modo

233 702 335 767 statui
356 705 482 785 potest,
520 700 583 764 nisi
616 718 745 765 carmen
768 697 958 763 Isthmicum
989 698 1164 764 secundum
1188 704 1264 762 autc

231 825 312 883 eam,
336 823 419 886 quae
442 804 585 868 carmine
609 802 778 886 Olympico
803 802 943 868 secundo
966 791 1134 884 laudatur,
1166 805 1266 868 victo-

230 909 312 974 riam
330 907 532 992 Olympicam
549 907 709 991 scriptum
731 927 801 972 esse
825 905 1076 978 demonstratur.
1104 907 1167 974 Sed
1183 907 1262 972 illud

232 1033 362 1078 carmen
397 1032 417 1076 a
448 1010 590 1078 Pindaro
624 1014 700 1095 post
732 1011 935 1096 Olympicum
970 1011 1148 1077 secundum
1181 1031 1266 1077 com-

230 1117 372 1200 positum
392 1137 462 1181 esse
491 1113 588 1180 facile
617 1116 762 1198 ipsorum
787 1115 967 1180 carminum
997 1120 1190 1199 argumento
1214 1135 1265 1180 eo·

230 1219 340 1303 gnosci
362 1222 482 1303 potest,
507 1239 570 1301 quo
593 1217 675 1283 illud
698 1218 880 1284 Xenocrate
904 1222 1049 1298 mortuo,
1071 1218 1133 1283 hoc
1157 1223 1264 1283 autem

231 1325 414 1389 Xenocrate
437 1321 564 1387 vivente
586 1322 743 1406 scriptum
768 1343 837 1388 esse
861 1327 1007 1414 apparet.
1036 1323 1287 1401 Xenocratem,-

233 1448 305 1492 cum
331 1446 461 1491 carmen
484 1423 676 1490 Isthmicum
699 1424 875 1491 secundum
901 1431 1158 1509 componeretur,
1183 1446 1267 1491 mor-

231 1537 322 1596 tuum
345 1530 445 1595 fuisso
466 1551 506 1595 ea
527 1550 564 1594 rc
586 1531 829 1613 cognoscimus,
861 1530 950 1614 quod
973 1551 1121 1610 carmen,
1152 1549 1267 1613 quam-

231 1655 328 1718 quam
359 1633 402 1700 ad
431 1633 660 1698 celebrandam
692 1634 888 1699 Xenocratis
920 1634 1088 1699 victoriam
1115 1634 1267 1719 pertinet,

231 1758 296 1803 non
317 1737 390 1820 ipsi,
414 1734 471 1801 sed
493 1735 709 1820 Thrasybulo,
731 1734 799 1801 filio
822 1737 901 1817 eius,
926 1737 1059 1802 missum
1082 1743 1141 1803 est.
1177 1735 1266 1800 idem

212 1847 214 1852 '
232 1837 463 1923 comprobatur
479 1837 624 1904 versibus
640 1840 779 1920 35-37,
804 1838 922 1923 quibus
938 1840 1098 1906 Pindarus
1120 1841 1153 1905 in
1174 1859 1268 1925 prac-

231 1943 379 2009 dicandis
395 1944 592 2008 Xenocratis
615 1943 791 2009 virtutibus
814 1945 994 2027 praeterito
1018 1949 1165 2028 tempore
1189 1963 1266 2007 usus

232 2052 290 2127 est,
313 2046 402 2130 quod
423 2045 531 2112 iacere
555 2067 619 2112 non
641 2045 765 2127 debuit,
789 2048 817 2112 si
832 2047 1032 2112 Xenocrates
1052 2045 1091 2113 eo
1110 2053 1267 2130 tempore,

233 2172 297 2234 quo
321 2171 452 2215 carmen
475 2151 633 2234 scriptum
656 2155 716 2231 est,
739 2151 825 2215 inter
847 2150 936 2216 vivos
959 2149 1082 2218 fuisset.
1129 2149 1266 2215 Carmen

174 2329 176 2334 ,
235 2253 438 2339 Olympicum
451 2252 627 2319 secundum
644 2260 753 2320 autem
766 2255 953 2320 Xenocrate
969 2255 1096 2320 vivente
1112 2255 1267 2338 composi·

233 2365 302 2423 tum
326 2379 397 2424 esse
420 2357 575 2438 versibus,
599 2360 718 2441 quibus
740 2363 839 2442 poe'ta
854 2360 1050 2425 Xenocratis
1072 2358 1267 2424 mentionem

233 2462 363 2548 fecit1),
393 2463 601 2547 perspicitur.
647 2463 764 2546 Itaque
786 2461 931 2528 dubitari
953 2484 1019 2529 non
1040 2467 1167 2548 potest,
1191 2464 1268 2546 quin

233 2567 364 2632 carmen
387 2564 578 2631 Isthmicum
602 2565 780 2632 secundum
812 2573 887 2651 post
910 2588 1041 2633 carmen
1065 2567 1268 2652 Olympicum

233 2671 409 2736 secundum
435 2671 592 2754 scriptum
615 2672 668 2753 sit,
690 2691 795 2754 neque
817 2670 918 2736 ullam
934 2670 1027 2737 video
1047 2691 1189 2751 causam,
1213 2693 1270 2736 cur·

234 2775 386 2841 carminis
408 2774 557 2840 Isthmici
580 2774 713 2840 secundi
735 2795 847 2840 versus
864 2777 992 2840 25--27
1013 2764 1056 2840 ad
1079 2796 1161 2856 eam,
1186 2796 1269 2858 quae

233 2879 375 2944 carmine
392 2878 560 2963 Olympico
580 2878 721 2944 secundo
744 2877 965 2962 praedicatur,
990 2879 1147 2945 Theronis
1169 2879 1270 2944 victo-

233 2984 316 3049 riam
339 2989 489 3068 spectare
512 3006 576 3051 non
599 2983 735 3068 possint.
780 2983 913 3066 Itaque,
938 3003 1011 3047 eum
1034 2981 1101 3047 illis
1123 2980 1270 3047 versibus

233 3087 413 3154 Theronem
429 3087 479 3154 bis
496 3089 666 3173 Olympiae
688 3088 843 3153 rictorem
866 3087 1089 3151 renuntiatum
1109 3087 1270 3152 essenon

233 3191 463 3278 comprobetur
484 3214 588 3277 neque
611 3192 679 3259 ullo
701 3192 765 3260 alio
789 3192 861 3259 loco
892 3191 998 3258 altera
1020 3189 1178 3256 Theronis
1205 3190 1269 3254 vic-

234 3366 358 3372 ...ss—
362 3364 438 3371 -..a-

232 3456 359 3510 victorias
377 3459 500 3509 statuens
513 3453 676 3523 Olympicus,
695 3468 756 3507 nam
775 3452 871 3506 eadem
889 3457 939 3520 cst,
959 3466 1028 3522 quae
1046 3452 1098 3506 hac
1117 3450 1169 3506 oda
1188 3464 1269 3520 quae·

233 3557 285 3611 quc
303 3541 396 3596 lsthm.
416 3541 442 3595 ll
461 3542 641 3597 memoratur.‘

307 3663 327 3731 ι)
346 3661 386 3717 cf.
407 3660 448 3716 oi.
466 3661 491 3715 11
510 3661 629 3716 ‹rc-51:

337 3745 479 3826 Ὀλυμπίᾳ
500 3748 550 3825 μὲν
571 3747 623 3826 γὰρ
643 3745 727 3812 αὐτὸς

337 3843 419 3922 γέρας
439 3841 544 3914 ἔδεκτο,
564 3841 678 3902 Πυθῶνι
699 3837 888 3921 δ’ὁμόκλαρον
910 3840 937 3906 ἔς
959 3840 1093 3918 ἀδελφεὸν

333 3934 448 4016 Ἰσθμοῖ
464 3961 495 3997 τε
508 3937 597 3999 κοιναὶ
612 3927 834 4016 Χάριτες’ἀ’νδεα
851 3937 1010 4016 talipiacum
1026 3933 1268 4012 δυωδεκαδρόμων

337 4057 446 4112 αγαγον,
