3088 4648
645 277 860 341 ..27-

242 452 410 536 Olympico
433 450 531 518 tertio
554 449 837 530 existimaverunt,
873 450 952 516 satis
978 449 1164 516 examinata
1186 452 1271 528 sunt,

240 557 306 622 iarn
330 577 378 637 ea,
402 575 486 640 quae
508 555 569 620 riri
592 553 680 620 docti
702 560 834 619 nostrae
849 553 969 620 aetatis
991 573 1030 618 ea
1051 552 1085 617 in
1100 572 1136 617 re
1150 550 1274 617 iudica·

239 664 364 741 verunt,
391 658 581 744 exponenda
603 678 674 724 esse
696 658 848 727 arbitror.
892 655 1073 722 Boeckhius
1095 655 1182 721 falsa
1203 654 1274 739 qui-

239 762 312 828 dem
343 783 412 828 esse
441 767 555 847 putat,
589 782 673 845 quae
705 762 739 825 in
762 760 893 826 scholiis
920 759 960 825 de
983 760 1097 825 nuntio
1116 759 1273 824 victoriae

237 867 272 931 in
305 866 485 931 theoxeniis
519 865 621 930 allato
658 863 869 948 exhibentur3
908 862 966 929 sed
1003 868 1112 928 tamen
1146 860 1273 944 aliquid

231 968 305 1036 'veri
336 969 367 1034 ei
396 968 528 1034 fabulae
558 966 688 1033 subesse
711 965 892 1032 arbitratus
920 986 1050 1032 carmen
1075 988 1112 1032 eo
1136 966 1273 1031 consilio

237 1071 415 1137 aPindaro
432 1072 650 1154 conscriptum
674 1091 744 1136 esse
767 1075 888 1152 censet,
911 1072 1004 1136 utin
1027 1071 1209 1137 theoxeniis
1229 1068 1273 1134 ad

238 1175 464 1243 celebrandam
496 1174 653 1241 Theronis
688 1175 858 1240 victoriam
892 1180 1091 1241 cantaretur.
1138 1173 1202 1239 Sed
1231 1173 1272 1237 de

236 1280 349 1344 nuntio
371 1278 427 1342 illo
451 1278 511 1358 iis,
546 1278 602 1361 qui
624 1278 705 1343 haec
728 1279 852 1363 opinati
884 1283 976 1358 sunt,
1010 1277 1091 1343 nihil
1114 1276 1272 1343 traditum

237 1382 337 1446 brisso
359 1381 425 1446 iam
447 1381 638 1450 monuimus.
673 1380 787 1446 Verbis
807 1381 897 1466 ipsis,
921 1380 1037 1464 quibus
1059 1380 1140 1446 haec
1162 1381 1272 1464 opinio

236 1483 448 1568 significatur,
472 1486 623 1568 cognosci
645 1491 754 1569 potest
776 1484 949 1551 nonnullos
973 1485 1212 1568 grammaticos,
1234 1488 1272 1547 ut

235 1589 300 1653 iam
321 1586 397 1667 dixi,
419 1588 556 1653 miratos
579 1609 659 1668 esse,
690 1589 776 1671 quod
800 1588 961 1654 Pindarus
983 1588 1097 1672 primis
1120 1587 1272 1652 carminis

235 1689 381 1756 versibus
411 1712 445 1756 se
477 1691 709 1756 Dioscurorum
743 1698 776 1756 et
797 1692 942 1757 Helenae
969 1693 1110 1775 gratiam
1140 1690 1271 1774 assequi

236 1795 320 1862 velle
358 1794 487 1862 dixerit.
530 1795 683 1875 Causam,
722 1816 781 1860 cur
818 1799 917 1880 podta
949 1794 1009 1860 tali
1045 1793 1142 1859 modo
1179 1814 1272 1859 orsus

237 1905 340 1980 esset,
375 1904 571 1982 quaerentes
591 1899 689 1965 verbo
712 1893 902 1987 φιλόξεινος
919 1903 952 1963 at
974 1898 1119 1964 versibus
1142 1897 1269 1963 40-41

236 2001 370 2068 adducti
393 2008 486 2083 sunt,
509 2009 548 2068 ut
569 2002 661 2068 illam
681 2003 827 2068 fabulam
850 2002 1084 2086 excogitarent.
1130 2001 1195 2070 Sed
1216 2023 1272 2067 ne-

237 2126 300 2189 que
322 2106 483 2172 adiectivo
506 2099 689 2194 φιλόξεινος
712 2127 817 2190 neque
840 2106 1002 2187 versibus,
1026 2126 1107 2189 quos
1130 2104 1271 2182 laudavi,

238 2229 367 2276 carmen
390 2205 628 2276 ad'theoxenia
650 2210 816 2293 pertinere
838 2208 1086 2294 comprobatur,
1110 2230 1215 2293 neque
1237 2211 1271 2274 in

235 2317 306 2378 toto
322 2314 465 2379 carmine
481 2312 659 2398 quidquam
674 2312 821 2394 inveniri,
841 2335 905 2398 quo
923 2335 971 2394 ea,
989 2334 1074 2397 quae
1089 2311 1271 2379 Boeolrlrius

236 2417 393 2497 coniecit,
418 2419 583 2498 nitantur,
607 2418 665 2498 iis,
692 2437 776 2500 quae
800 2423 897 2483 antea
919 2418 1066 2502 exposita
1089 2420 1183 2497 sunt,
1215 2437 1271 2499 ap·

233 2524 339 2604 paret.
378 2520 533 2586 Boeckhii
564 2522 725 2585 sententia
757 2522 857 2604 igitur
880 2542 985 2605 neque
1011 2520 1143 2587 scholiis
1166 2541 1271 2605 neque

234 2623 305 2706 ipso
329 2624 483 2688 carminis
504 2628 696 2708 argumento
717 2625 844 2691 nititur.
879 2623 1042 2690 Gravibns
1065 2628 1175 2690 autem
1196 2645 1272 2690 cau-

234 2727 280 2791 sis
314 2747 385 2793 eam
420 2725 552 2809 probari
587 2747 652 2792 non
683 2748 778 2810 posse
802 2733 951 2812 apparet.
995 2727 1162 2806 Quomodo
1185 2729 1271 2794 enim

234 2828 412 2910 Pindarus,
444 2850 518 2895 cum
541 2829 710 2914 Olympiae
743 2852 873 2896 carmen
903 2833 1077 2913 scriberet,
1109 2833 1194 2898 scire
1215 2853 1272 2917 po·

233 2937 321 2998 terat
349 2933 384 2998 in
411 2932 591 2999 theoreniis
621 2953 753 3000 carmon
786 2933 991 3022 recitandum
1013 2935 1107 3000 esse?
1152 2934 1271 3002 Thero·

234 3053 308 3100 nom
330 3034 436 3118 ipsum
453 3035 625 3120 Olympiae
648 3038 735 3104 ludis
758 3060 823 3104 non
845 3038 1031 3105 interfuisse
1054 3040 1177 3124 optimo
1199 3040 1271 3105 iure

233 3137 335 3204 statui
358 3142 483 3220 potest,
515 3159 587 3203 curn
611 3140 759 3207 condicio
789 3143 837 3208 rei
865 3142 1014 3227 publicae
1036 3143 1271 3227 Agrigentinae

232 3240 309 3306 talis
333 3247 428 3323 essct,
452 3248 489 3308 ut
510 3241 703 3326 prudentem
722 3250 755 3310 et
780 3251 911 3310 cautum
926 3246 1107 3331 principem
1130 3266 1169 3311 eo
1191 3251 1272 3311 tem-

230 3364 311 3429 pore
327 3366 463 3429 regnum
480 3346 592 3430 paullo
609 3353 686 3412 ante
702 3349 736 3413 in
754 3369 914 3413 summum
930 3347 1103 3415 discrimen
1119 3354 1271 3415 vocatum

230 3447 402 3531 reliquisse
424 3469 557 3531 prorsus
581 3470 601 3515 a
623 3451 762 3516 veritate
795 3450 981 3518 abhorreat.
1026 3452 1160 3518 Poterat
1192 3471 1270 3517 sane

229 3572 288 3635 per
316 3551 442 3636 legatos
475 3573 567 3634 suos,
602 3557 658 3637 qui
684 3555 853 3639 Olympiae
876 3554 1015 3621 aderant
1037 3555 1180 3621 Pindaro
1202 3576 1271 3622 rem

230 3652 391 3737 indicare;
415 3656 474 3722 sed
496 3658 544 3722 ita
566 3678 699 3724 necesse
723 3665 807 3724 esset
824 3679 898 3724 eum
915 3658 956 3724 de
972 3659 1109 3724 victoria
1125 3660 1161 3724 in
1181 3658 1272 3726 theo-

235 3759 339 3823 xeniis
362 3759 558 3826 celebranda
586 3760 785 3844 decrevisse,
820 3769 996 3846 antequam
1030 3783 1102 3828 eam
1131 3762 1271 3847 adeptus

230 3866 324 3932 esset.
347 3861 411 3930 Sed
431 3863 493 3930 hoc
515 3866 633 3932 mirum
656 3887 726 3933 esse
747 3889 831 3933 unus
852 3867 990 3952 quisque
1014 3867 1143 3935 sentiet.
1176 3868 1270 3934 Post·

230 3985 270 4031 sa
300 3972 411 4037 autem
440 3968 616 4038 Pindarum
647 3971 687 4042 de
719 3992 758 4041 ea
787 3993 823 4038 re
853 3972 1025 4040 certiorem
1054 3971 1178 4040 factum
1201 3992 1271 4040 esso
