3088 4648
693 261 910 327 ..ῃ-

289 416 447 520 Delphica
478 433 637 520 Apollinis
667 434 840 501 theoxenia
870 434 911 501 de
941 433 1163 518 Agrigentinis
1187 437 1322 502 Dioscu-

287 558 398 604 rorum
420 538 522 604 videri
544 541 655 622 posset
677 538 865 604 coniectura
882 537 963 618 fieri,
987 559 1051 622 quo
1074 541 1151 605 anni
1174 546 1321 624 tempore

287 645 362 707 acta
385 646 503 712 essent.
541 641 688 725 Namque
711 641 769 706 illa
790 645 884 725 patet
899 641 1083 708 Theoxenio
1105 663 1214 709 meuse
1239 643 1321 709 cele·
1344 685 1347 690 -

286 742 385 810 brata
408 765 498 825 esse,
531 765 627 828 quem
658 742 746 828 apud
768 743 910 828 Delphos
941 744 1077 811 eundem
1100 745 1201 812 fuisse
1223 753 1322 830 atque

286 846 576 933 Elaphebolicnem
592 847 737 912 Atticum
758 868 845 912 nunc
868 867 908 912 ex
922 845 1026 912 titulis
1043 848 1209 932 Delphicis
1233 855 1322 916 certo

286 952 491 1036 exploratum
507 957 557 1017 est
568 951 602 1038 ¹).
625 951 750 1034 Itaque,
768 949 794 1014 si
811 950 846 1014 in
860 949 946 1014 idem
962 955 1092 1034 tempus
1107 953 1323 1035 Agrigentina

286 1053 518 1122 Dioscurorum
540 1053 713 1120 theorenia
734 1051 934 1134 inciderent,
964 1059 1121 1136 quattuor
1144 1054 1211 1120 fere
1234 1073 1322 1120 men-

286 1155 376 1223 sibus
404 1164 480 1223 ante
508 1157 603 1223 ludos
635 1155 821 1240 Olympicos
851 1161 927 1221 acta
950 1163 1075 1238 essent,
1110 1178 1192 1240 quos
1216 1159 1321 1242 primo

284 1260 463 1345 plenilunio
479 1265 554 1346 post
570 1260 749 1326 solstitium
770 1259 930 1324 aestivum
950 1279 1016 1324 non
1037 1261 1174 1325 multum
1198 1260 1322 1327 distan-

286 1369 337 1430 tes
359 1363 402 1430 ab
423 1365 518 1431 initio
550 1364 628 1430 anni
651 1362 755 1428 Attici
786 1361 891 1428 editos
916 1383 985 1429 esse
1009 1368 1146 1432 constat.
1193 1365 1322 1443 Quare

286 1465 488 1545 efficeretur,
524 1473 562 1534 ut
595 1467 753 1532 Theronis
786 1467 922 1531 victoria
952 1487 1057 1550 neque
1079 1469 1241 1551 reportari
1262 1489 1321 1552 po-

284 1571 401 1636 tuisset
435 1571 724 1656 Agrigentinorum
759 1569 1005 1635 theoxeniorum
1038 1575 1185 1654 tempore
1218 1592 1322 1655 neque

286 1673 452 1755 nuntiari,
491 1674 646 1758 quoniam
680 1671 721 1738 de
749 1673 932 1739 theoreniis
961 1672 1056 1739 ludos
1077 1675 1323 1758 insequentibus

286 1775 361 1843 ideo
392 1777 530 1862 cogitari
560 1775 689 1860 nequit,
720 1775 807 1860 quod
829 1775 990 1842 Pindarus
1022 1778 1133 1842 statim
1155 1783 1230 1861 post
1252 1798 1324 1843 cur-

287 1901 383 1945 ruum
415 1886 580 1946 certamen
608 1881 643 1944 in
673 1879 746 1964 ipsa
778 1878 930 1964 Olympia
959 1879 1094 1944 tertium
1118 1880 1323 1965 Olympicum

288 2001 419 2050 carmen
440 1984 475 2050 in
499 1983 656 2048 Theronis
677 1980 835 2048 honorem
857 1982 998 2066 scripsit.
1028 1981 1090 2048 Sed
1112 1983 1171 2048 illa
1184 1983 1323 2048 Prelleri

290 2087 400 2171 opinio
422 2086 512 2154 nullo
535 2086 729 2152 documento
753 2086 816 2151 nisi
837 2085 940 2170 ipsius
957 2086 1144 2151 coniectura
1160 2087 1277 2151 nititur
1287 2087 1324 2172 ¹).

288 2189 333 2257 Et
353 2211 395 2256 ne
416 2196 487 2256 tum
510 2188 651 2273 quidem,
675 2190 703 2254 si
726 2209 802 2254 vera
824 2192 928 2269 esset,
951 2189 1032 2254 satis
1054 2187 1254 2254 confidenter
1276 2190 1323 2254 ita

288 2294 404 2361 liceret
426 2293 627 2365 concludere.
648 2293 732 2358 Nam
754 2312 795 2357 ne
812 2291 971 2376 Apollinis
994 2290 1126 2374 quidem
1149 2290 1321 2357 thecuenia

288 2398 322 2464 in
345 2396 493 2465 omnibus
517 2396 704 2464 civitatibus
728 2395 841 2462 ecdem
863 2396 941 2461 anui
963 2400 1109 2479 tempore
1132 2394 1230 2460 luisse
1246 2394 1321 2461 inde

291 2509 493 2589 compertum
514 2502 683 2584 habemus,
703 2499 793 2586 ‘quod
815 2500 985 2580 Pellenae,
1008 2499 1042 2562 iu
1065 2497 1209 2563 Achaiae
1231 2500 1322 2579 urbe,

288 2607 354 2674 tale
385 2606 503 2674 festum
534 2607 584 2672 illi
614 2606 710 2673 simul
745 2611 779 2671 et
800 2604 963 2671 Mercurio
992 2601 1097 2668 hieme
1120 2607 1230 2668 actum
1253 2623 1322 2667 esse

288 2898 337 2954 hin
355 2899 452 2969 gewiss
469 2899 640 2969 gegenseitig
657 2899 701 2955 bei
720 2898 831 2953 solchcn
850 2897 951 2952 Festen
976 2896 1120 2966 betheiligt
1144 2911 1249 2964 nmen,
1274 2913 1321 2950 na-

287 2985 417 3040 mentlich
439 2983 484 3039 die
501 2986 652 3039 Dioscuren
677 2985 719 3039 bei
746 2985 797 3038 den
818 2984 996 3039 Theoxenien
1021 3000 1055 3037 zu
1075 2982 1190 3053 Delphi,
1217 2999 1259 3038 wo
1284 2984 1322 3037 sie

286 3070 375 3150 ueben
393 3069 493 3140 Apollo
512 3070 581 3126 auch
600 3078 677 3125 sonet
693 3069 904 3140 ausgezeichnet
920 3068 1055 3124 werden.“

343 3201 363 3270 1)
380 3200 420 3255 (lt
439 3200 589 3254 Kirchhoff.
627 3200 857 3256 Monatsherichte
881 3199 930 3254 der
947 3199 1071 3254 Berliner
1090 3199 1235 3254 Academia
1254 3201 1322 3254 1864

286 3286 496 3358 pg.129—135.
532 3287 601 3355 Aug.
620 3287 768 3341 Mommsen
786 3285 918 3357 Delphica
935 3301 979 3356 pg.
1000 3287 1049 3340 119
1068 3299 1125 3354 sqq.

339 3419 363 3481 8)
380 3415 476 3484 Neque
493 3415 522 3470 in
535 3415 677 3470 Denelseni
689 3418 922 3482 commentatione,
942 3415 987 3484 qui
1005 3413 1149 3483 diligenter
1167 3421 1194 3468 et
1212 3414 1320 3485 copiose

291 3501 422 3574 adhibitis
443 3503 602 3572 scriptorum
622 3501 791 3569 testimoniis,
808 3501 1028 3572 inscriptionibus
1038 3501 1158 3570 artisque
1169 3515 1324 3555 monumen·

284 3589 321 3644 tis
339 3589 374 3643 de
403 3588 527 3644 omnibus
552 3587 706 3642 theoxeniis
732 3588 869 3658 exposuit,
897 3586 1044 3657 quidquem
1070 3587 1219 3654 invenitur,
1250 3587 1322 3656 quod

285 3675 398 3730 Prelleri
415 3673 563 3744 suspicioni
581 3673 701 3729 subsidio
720 3674 762 3740 sit,
781 3687 869 3743 neque
886 3674 969 3742 iniis,
989 3689 1058 3744 qnae
1070 3675 1253 3728 Mommsenus
1272 3675 1287 3726 Ι.
1304 3675 1320 3726 l.

285 3777 330 3832 pg.
349 3761 401 3816 299
419 3775 478 3831 sqq.
498 3759 532 3816 de
554 3759 691 3830 Delphicis
708 3760 863 3815 theoxeniis
881 3761 1014 3831 disputat,
1033 3761 1056 3814 si
1075 3761 1230 3828 omittimus,
1250 3774 1318 3832 quae

284 3846 359 3904 nullo
382 3847 536 3904 testimonio
554 3845 662 3902 adiutus
679 3863 727 3916 pg.
743 3847 795 3902 307
814 3846 973 3920 suspicatur.

301 4416 685 4600 s‘l
