3088 4648
641 339 859 400 ..9-

235 513 352 578 vicisse
374 510 519 576 traditur
530 509 566 594 ¹).
613 507 677 574 Sed
708 531 746 575 ea
776 531 831 591 re,
869 508 957 594 quod
988 509 1165 576 scholiasta
1186 509 1272 574 inter

237 617 450 700 Agrigentum
483 613 651 680 conditum
686 619 719 680 et
751 614 909 681 Theronis
942 613 1111 680 victoriam
1143 619 1272 679 centurn

235 724 393 803 quattuor
415 738 518 784 annos
541 716 743 782 intercedere
774 717 870 800 dicit,
897 723 1045 802 apparet
1075 723 1135 784 aut
1156 737 1230 784 enm
1252 738 1273 782 a

237 825 271 888 se
287 825 360 907 ipso
376 822 559 903 dissentire,
582 843 666 901 curn,
690 823 716 886 si
739 822 802 906 ipsi
825 824 986 888 incertum
1010 843 1079 888 esse
1096 822 1272 902 rideretur,

236 933 347 992 utrum
371 927 477 992 Thero
502 925 694 1010 Olympiade
718 931 758 992 76
791 949 833 992 an
855 929 896 992 77
922 928 1068 1008 vicisset,
1103 947 1274 991 numerum
1358 997 1360 1002 ,
1442 973 1445 980 .

186 1045 189 1050 ’
236 1052 403 1113 annorum,
427 1031 483 1114 qui
506 1029 548 1096 ab
574 1031 751 1115 Agrigento
773 1031 905 1098 condito
927 1031 1183 1116 praeteriissent,
1206 1036 1273 1097 tam

173 1155 175 1160 ·
199 1131 204 1140 '
231 1135 367 1200 definite
390 1134 511 1201 addere
534 1156 599 1199 non
623 1134 775 1217 deberet,
806 1142 864 1202 aut
883 1175 926 1187 -
949 1135 1038 1220 quod
1069 1136 1148 1200 mihi
1171 1135 1274 1219 magis

236 1239 395 1324 probatur
418 1238 563 1304 --illud
586 1233 668 1326 ἢοζ’
691 1245 807 1323 postea
831 1241 942 1322 exiis,
966 1261 1050 1324 quae
1074 1238 1117 1305 ad
1138 1239 1275 1323 inscrip-

236 1346 358 1411 tionem
382 1345 534 1410 carminis
558 1344 597 1410 de
621 1351 768 1429 tempore
792 1347 950 1412 victoriae
972 1344 1062 1412 dicta
1085 1350 1196 1425 erant,
1219 1342 1276 1410 ad·

239 1449 345 1514 ditum
362 1470 438 1515 esse,
465 1449 612 1533 Denique
634 1449 669 1513 in
692 1450 907 1534 explicatione
929 1470 1041 1515 versus
1059 1451 1121 1514 168
1145 1450 1200 1535 (=
1217 1447 1274 1532 93)

241 1553 433 1637 Olympiade
457 1554 498 1618 76
522 1553 628 1619 Thero
656 1554 760 1618 victor
783 1553 988 1620 renuntiatus
1011 1575 1081 1619 esse
1104 1552 1275 1636 dieitur2).

239 1658 303 1723 Sed
324 1658 405 1723 haec
428 1679 557 1742 quoque
580 1679 644 1724 non
668 1659 748 1723 satis
772 1657 975 1727 considerate
999 1659 1183 1742 conscripta
1206 1677 1275 1722 esse

240 1783 279 1826 ea
302 1784 337 1827 rc
360 1767 508 1846 apparet,
532 1761 620 1845 quod
644 1762 820 1828 scholiasta
842 1762 984 1846 primum
1006 1761 1275 1846 quinquagesima

239 1866 429 1951 Olympiade
472 1867 686 1950 Agrigentum
724 1866 838 1931 urbem
877 1866 1040 1933 conditam
1079 1887 1150 1932 esse
1185 1865 1274 1940 dicit,

236 1976 350 2054 postea
372 1975 483 2035 autem
506 1991 676 2035 numerum
693 1971 931 2055 Olympiadem,
955 1993 1038 2056 quae
1062 1976 1138 2037 ante
1160 1969 1274 2035 urbem

237 2073 409 2139 conditam
436 2076 680 2157 praeterierint,
715 2076 954 2160 quinquaginta
990 2097 1059 2141 esse
1096 2074 1275 2140 contendit.

237 2177 381 2258 Accedit,
399 2177 486 2261 quod
497 2177 673 2243 Pindarum
690 2199 824 2244 numero
842 2180 1028 2244 summatim
1045 2177 1276 2262 comprehenso

235 2303 329 2346 usum
352 2303 422 2347 esse
446 2282 542 2362 dicit,
576 2304 649 2348 cum
680 2283 749 2367 ipse
784 2282 922 2349 eundem
945 2304 1115 2362 numerum
1139 2303 1198 2367 pro
1223 2303 1277 2347 ac-

204 2395 206 2400 ’
237 2392 351 2452 curata
385 2385 572 2453 definitione
602 2387 731 2454 habeat.
788 2388 858 2466 Qua
889 2409 924 2452 re
955 2385 1089 2453 dubium
1120 2408 1183 2453 nou
1216 2393 1276 2465 est,

236 2491 316 2573 quin
340 2491 409 2556 eius
433 2491 553 2558 rationi
575 2513 639 2558 non
662 2491 801 2556 multum
824 2491 1033 2557 tribuendum
1056 2492 1107 2561 sit.

304 2596 429 2678 Itaque,
453 2617 526 2660 curn
550 2597 680 2663 omnino
700 2596 782 2661 nihil
805 2596 887 2661 certi
909 2595 959 2677 iis,
982 2617 1065 2679 quae
1088 2596 1121 2660 in
1144 2595 1277 2660 scholiis

238 2699 278 2764 de
302 2703 446 2783 tempore
469 2699 625 2766 victoriae
648 2700 808 2766 Theronis
831 2706 1011 2767 memorata
1034 2706 1129 2779 sunt,
1158 2700 1278 2764 efficia-

239 2806 303 2882 tur,
327 2802 458 2867 aliunde
482 2809 676 2887 argumenta
699 2802 743 2868 ad
757 2803 843 2869 hanc
859 2804 1082 2888 quaestionem
1100 2803 1278 2869 diiudican-

118 2988 120 2992 .
218 2906 314 2971 dam
337 2912 414 2971 sunt
435 2907 587 2990 petenda.
611 2908 692 2973 Rem
715 2908 763 2972 ita
786 2907 957 2973 instituere
980 2908 1012 2972 in
1036 2909 1144 2973 animo
1164 2906 1278 2986 habeo,

239 3019 276 3075 ut
293 3010 434 3095 primum
458 3016 532 3094 post
549 3011 774 3096 Olympiadem
797 3013 838 3077 76
861 3011 1043 3076 Theronem
1074 3033 1139 3076 non
1162 3012 1277 3077 vicisse

240 3112 419 3194 ostendam,
442 3120 513 3179 tum
538 3117 638 3180 etium
661 3123 737 3182 ante
762 3138 832 3181 eam
859 3116 1083 3200 Olympiadem
1109 3116 1278 3180 victoriam

311 3378 332 3452 1)
360 3371 502 3454 Ἀκρσίγας
522 3381 698 3457 πεντηκοστῇ
723 3375 893 3455 Ὀλυμπιάδι
919 3379 1043 3457 ἐκτίσθη.
1086 3379 1101 3438 ὂ
1128 3379 1159 3438 δὲ
1180 3378 1278 3457 Θήρων

241 3467 278 3535 στ’
299 3469 317 3548 ἢ
340 3467 377 3539 οζ’
399 3471 515 3550 ἐνίκησε.
558 3473 660 3550 γίνεται
680 3473 727 3534 οὖν
748 3474 782 3534 τὰ
802 3473 904 3552 μεταξὺ
930 3474 984 3534 ἀπὸ
1012 3480 1063 3553 τῆς
1085 3473 1205 3539 κτίσεως
1226 3473 1281 3539 ἕως

240 3567 289 3625 τοῦ
311 3563 443 3645 Θήρωνος
464 3566 542 3646 νίκης
563 3565 602 3647 po*
625 3568 683 3648 ἔτη.

310 3681 334 3754 2]
354 3679 472 3757 Λέγεται
492 3681 542 3759 τὴν
560 3677 736 3762 Ἀκράγαντα
756 3687 933 3764 πεντηκοστῇ
952 3680 1123 3761 Ὀλυμπιάδι
1144 3681 1280 3741 ἐκτίσθαι.

242 3773 348 3835 ἐκεῖθεν
370 3776 400 3834 δὲ
422 3773 488 3858 σ’ίχρι
511 3781 562 3856 τῆς
583 3776 715 3858 Θήρωνος
739 3779 818 3857 νίκης
844 3778 892 3857 ἔτη
914 3778 982 3839 εἶναι
1008 3779 1105 3837 ἑκατὸν
1131 3778 1159 3836 ἐν
1177 3773 1280 3855 Ὀλυμ·

242 3871 320 3930 πιάσι
340 3871 382 3935 κέ.
403 3870 524 3949 γίνονται
550 3874 580 3934 δὲ
608 3875 677 3954 πρὸς
697 3878 757 3941 ταῖς
777 3865 790 3936 ν
809 3872 983 3950 Ὀλυμπιάσι
1004 3875 1042 3936 σέ.
1069 3873 1144 3933 ἐνίκα
1165 3871 1212 3932 οὖν
1234 3870 1282 3938 ος’.

243 3963 378 4047 κέχρηται
398 3968 429 4027 δὲ
449 3971 492 4050 τῷ
512 3969 712 4052 ἀπηρτισμένη
733 3971 848 4053 ἀριθμῷ
869 3970 952 4030 εἰπὼν
974 3967 1005 4051 ρ’.
