3088 4648
625 308 840 370 ..lp-

221 475 248 538 si
269 495 348 540 vera
370 480 461 556 sunt,
500 495 584 558 quae
607 495 708 559 supra
737 474 805 541 dixi
827 513 871 524 -
891 474 1026 559 probari
1048 496 1112 541 non
1133 479 1253 558 potest,

221 599 294 642 cum
317 576 477 644 Pindarus
500 598 631 644 carmen
659 599 724 646 non
754 579 932 662 Agrigenti,
965 578 1022 644 sed
1053 578 1087 643 in
1116 577 1255 643 Graecia

223 682 463 764 conscripserit.
509 683 642 764 ltaque,
675 702 748 746 cum
770 680 915 747 dubitari
937 703 1003 748 non
1024 681 1145 766 possit,
1177 682 1257 763 quin

221 783 383 849 Pindarus
413 804 542 850 carmen
570 784 775 868 Olympicum
805 786 940 850 tertium
971 785 1140 869 Olympiae
1170 785 1257 850 inter

221 889 309 970 ipsos
331 886 425 952 ludos
449 888 680 972 composuerit,
711 888 834 970 optimo
857 889 928 954 iure
947 889 1105 954 statuitur
1126 908 1258 953 carmen

225 989 401 1055 seeundum
424 995 500 1074 post
522 1010 654 1054 carmen
675 991 810 1054 tertium
834 1011 903 1056 esse
925 976 1161 1075 conscriptum,
1184 1011 1258 1055 cnm

222 1093 312 1158 credi
335 1115 399 1158 non
422 1095 526 1177 possit
548 1096 678 1177 politam
700 1093 814 1176 paucis
837 1091 951 1159 diebus
974 1093 1038 1159 duo
1054 1095 1200 1160 carmina
1215 1092 1258 1158 ad

224 1197 359 1263 eandem
382 1198 555 1261 victoriam
577 1195 833 1280 praedicandam
855 1198 1083 1280 composuisse.
1130 1197 1260 1263 Eximio

223 1320 352 1383 quoque
377 1304 448 1364 arte
472 1300 725 1383 compositioniS,
748 1319 813 1381 qua
836 1319 968 1364 carmen
983 1299 1187 1384 Olympicum
1211 1320 1260 1365 se·

225 1401 366 1468 cundum
383 1403 522 1484 excellit,
546 1402 734 1468 brevissimo
751 1409 897 1487 tempore
914 1401 997 1466 illud
1014 1422 1144 1468 carmen
1159 1403 1260 1487 scrip·

225 1513 296 1572 tum
319 1527 384 1571 non
406 1528 477 1573 esse
501 1509 731 1591 cognoscimus.

312 1609 470 1688 Quoniam
494 1611 535 1677 de
557 1612 703 1692 victoria,
727 1632 811 1694 quae
836 1609 1040 1689 celebratur,
1064 1615 1098 1673 et
1120 1609 1160 1675 de
1182 1613 1261 1674 tem·

227 1715 315 1798 poris
339 1713 533 1794 discrimine,
557 1714 645 1797 quod
667 1715 752 1800 inter
774 1714 838 1779 duo
862 1713 943 1778 haec
965 1713 1110 1778 carmina
1123 1713 1261 1778 interce

225 1816 284 1896 dit,
307 1815 383 1896 dixi,
406 1817 482 1897 iam,
505 1837 569 1900 quo
594 1817 727 1884 consilio
744 1824 918 1901 utrumque
934 1836 1064 1881 carmen
1085 1815 1261 1881 aPindaro

226 1913 446 2003 conscriptum
468 1921 521 2000 sit,
545 1922 732 1987 accuratius
748 1941 906 2004 exponam
922 1925 1021 2003 atque
1044 1918 1084 1984 de
1101 1939 1149 2000 eo,
1171 1916 1261 2001 quod

225 2023 316 2106 prius
341 2024 558 2106 compositum
582 2029 649 2106 est,
681 2025 823 2109 primum
854 2021 1088 2107 disputandum
1118 2041 1189 2087 esse
1212 2041 1263 2087 ar-

227 2124 341 2196 bitror.
381 2127 472 2206 Quae
494 2129 529 2192 in
552 2127 683 2194 scholiis
706 2128 746 2194 de
768 2129 830 2194 hac
852 2150 889 2194 re
911 2129 1060 2214 exposita
1083 2132 1158 2194 sunt
1176 2128 1263 2193 inter

232 2250 266 2294 se
289 2251 435 2314 pugnare
456 2239 546 2296 recte
568 2232 736 2298 contendit
756 2231 909 2298 Deneken
920 2233 954 2318 ¹).
982 2231 1066 2297 Nam
1090 2251 1164 2296 cum
1184 2251 1264 2296 non·

226 2332 325 2397 nullis
345 2332 425 2399 locis
447 2333 629 2400 affirmetur
652 2335 833 2402 Theronem
855 2335 1037 2415 theoxenia,
1061 2354 1144 2418 quae
1168 2333 1264 2416 Agri·

227 2437 318 2519 genti
339 2436 374 2500 in
398 2435 629 2502 Dioscurorum
651 2438 806 2504 honorem
829 2439 957 2504 institui
979 2437 1182 2520 solebantl),
1214 2455 1264 2501 ce·

226 2537 409 2605 lebrantem
438 2541 589 2606 nuntium
619 2542 784 2626 accepisse
793 2542 822 2626 8)
852 2547 886 2607 et
916 2540 958 2607 ob
989 2562 1060 2607 eam
1091 2558 1265 2604 cansama

227 2642 459 2709 Dioscurorum
481 2644 578 2710 laude
600 2647 733 2730 pottam
754 2644 851 2710 huius
881 2643 1034 2708 carminis
1063 2641 1193 2707 initium
1219 2639 1265 2706 ie-

228 2746 319 2828 cisse,
342 2747 408 2813 alio
431 2748 503 2814 loco
525 2749 772 2816 theoxeniorum
793 2753 940 2832 tempore
956 2746 1137 2812 Theronem
1162 2745 1268 2829 ipsam

173 2935 180 2952 Ι
228 2850 399 2917 victoriam
444 2859 631 2937 reportasse
673 2850 892 2938 exhibetur4).
953 2850 1144 2930 Quaeritur,
1189 2867 1265 2914 num

284 3058 304 3127 1)
324 3057 370 3116 Ol.
389 3058 521 3113 Deueken
540 3058 574 3114 de
590 3057 745 3112 theoxeniis
763 3074 807 3127 pp.
829 3059 870 3112 11.

281 3148 305 3210 2ι
325 3145 365 3200 cf.
386 3144 426 3199 01.
446 3144 486 3198 111
503 3144 615 3199 etl-40.

331 3227 453 3289 εὐΐππων
475 3231 607 3291 διδόντων
628 3230 810 3310 Τυνδαριδᾶν,
831 3231 873 3291 ὅτι
892 3230 1047 3291 πλείσταισι
1068 3233 1173 3308 βροτῶν

335 3322 444 3392 ξεινίαις
465 3325 566 3391 αὐτοὺς
587 3325 745 3408 ἐποίχονται
770 3326 923 3405 τραπέζαις.

282 3419 305 3487 ³)
323 3417 366 3473 Ol.
384 3419 468 3474 schol.
487 3419 524 3475 ad
541 3421 746 3491 inscriptionem
765 3419 806 3474 Ol.
826 3421 873 3475 ΙΙΙ.
897 3419 1016 3484 θύοντος
1035 3417 1082 3477 οὖν
1104 3419 1154 3476 τοῦ
1176 3415 1269 3494 Θήρω-

201 3548 204 3554 ν
230 3536 276 3577 νος
296 3513 335 3578 εἰς
354 3514 389 3574 τὰ
410 3512 539 3584 Θεοξένια
566 3517 594 3576 έν
618 3515 745 3596 τοσούτῳ
766 3514 890 3594 ἠγγέλθη
911 3560 918 3575 .
940 3561 972 3577 ..
1003 3512 1112 3591 ἡνίκη.
1152 3509 1269 3565 Ibidem:

231 3605 344 3684 ἄγοντος
372 3610 402 3669 δὲ
428 3608 560 3690 Θήρωνος
585 3612 634 3689 τὴν
662 3611 761 3689 ἑορτὴν
794 3615 849 3669 τῶν
876 3608 1051 3686 Διοςκοόρων
1079 3605 1126 3665 καὶ
1150 3601 1271 3681 Ἑλένης

231 3701 356 3780 ἠγγέλθη
377 3706 394 3781 ἡ
416 3704 487 3783 νίκη.
511 3706 553 3765 διδ
575 3702 619 3764 ἀπ’
642 3705 733 3765 αὐτῶν
755 3703 878 3786 ἄρχεται.

285 3797 307 3866 4)
326 3797 441 3853 ibidem:
470 3799 496 3858 cl
518 3800 549 3860 δέ
570 3822 638 3880 φασι
658 3799 806 3868 Θεοξενίων
831 3797 917 3859 ὄντων
941 3796 987 3857 καλ
1007 3794 1186 3872 κεκλημένων
1216 3796 1272 3852 τῶν

234 3890 408 3971 Διοςκοὺρων
430 3892 468 3957 εἰς
487 3895 522 3953 τὰ
537 3893 666 3962 Θεοξένια
685 3895 732 3954 τὸν
753 3893 872 3973 Θήρωνα
890 3896 1010 3970 νικῆσαι,
1031 3885 1055 3968 ᾧ
1078 3887 1272 3969 συγχρησάμε·

233 4008 279 4046 νον
305 3986 353 4045 τδν
381 3985 515 4064 Πίνδαρον
540 3986 674 4068 εὔχεσθαι
700 3993 757 4054 τοῖς
784 3985 970 4066 Διοςιιοῖιροις.
1021 3981 1125 4038 Eodem
1154 3982 1271 4057 retertur

1021 4071 1180 4143 Ἥ,
