3088 4648
547 318 847 383 2-25-

232 489 352 556 famam
376 491 501 557 novisse
532 511 596 555 non
630 495 775 575 poterat,
813 489 876 554 nisi
907 489 992 556 forte
1026 510 1099 556 cum
1132 507 1261 574 quoque

229 595 347 660 mirum
369 595 403 659 in
419 592 549 659 modum
570 615 628 678 per
644 595 820 660 Dioscuros
836 593 884 660 de·
898 595 1013 660 nuntio
1028 594 1062 659 in
1078 591 1260 659 theoreniis

230 698 331 764 allato
354 699 525 764 certiorem
556 697 679 762 factum
710 720 779 764 esse
810 698 859 763 vel
890 697 1009 763 famam
1032 697 1121 762 illius
1144 697 1261 776 famae,

231 806 268 866 ut
289 801 338 866 ita
361 801 483 884 dicam,
506 801 620 867 iisdem
643 802 775 882 diebus,
805 801 923 884 quibus
945 807 1019 866 orta
1042 806 1129 882 erat,
1155 800 1262 884 Olym·

230 905 304 988 piae
329 905 554 989 pervulgatam
584 927 655 970 esse
687 909 851 989 putamus,
899 905 988 982 Quae
1021 925 1093 968 eum
1115 904 1163 968 ita
1186 904 1262 983 sint,

230 1006 360 1090 quando
384 1009 553 1092 Agrigenti
584 1007 743 1073 celebrari
774 1008 871 1073 solita
901 1009 966 1072 sint
1001 1007 1191 1088 theoxenia,
1229 1007 1263 1071 in

231 1110 329 1177 dubio
353 1110 481 1177 videtur
504 1110 752 1195 relinquendum
776 1131 855 1178 esse.
883 1110 996 1192 Neque
1018 1109 1083 1174 illis
1104 1111 1264 1194 interpre-

230 1215 327 1295 tibus,
351 1217 408 1298 qui
431 1215 588 1281 Theronis
610 1215 782 1280 victoriam
805 1235 916 1279 eorum
940 1219 1087 1297 tempore
1108 1214 1264 1297 impetra-

230 1326 299 1384 tam
321 1319 371 1383 vel
393 1319 576 1384 nuntiatam
602 1340 672 1384 esse
695 1319 865 1402 putabant,
888 1322 1001 1382 notum
1023 1316 1152 1381 videtur
1166 1315 1265 1381 fuisse

231 1443 270 1488 ea
302 1423 336 1487 in
372 1420 523 1487 ludorum
562 1422 803 1507 Olympicorum
839 1427 967 1504 tempus
1002 1419 1163 1490 incidisse.
1213 1419 1265 1484 Ita

232 1526 317 1591 enim
341 1527 368 1590 si
390 1525 514 1604 fuisset,
538 1527 652 1609 utique
676 1547 774 1591 curru
796 1527 935 1604 vicisset,
959 1546 1032 1589 cum
1047 1522 1130 1588 illud
1145 1522 1265 1588 festum

234 1629 403 1712 Agrigenti
425 1635 587 1712 ageretur,
612 1629 727 1710 Thero,
751 1650 816 1694 non
839 1629 955 1693 vicisse
978 1626 1147 1708 nuntiatus
1170 1630 1265 1706 esset,

232 1752 337 1815 neque
360 1733 418 1812 iis,
453 1733 508 1816 qni
530 1730 612 1797 illud
641 1737 840 1814 compertum
874 1729 1051 1810 haberent,
1084 1727 1208 1794 hande
1231 1749 1266 1794 re

232 1834 328 1900 facile
361 1835 525 1901 dissensus
554 1837 633 1900 oriri
663 1835 832 1918 potuisset.
886 1833 966 1899 Cum
999 1838 1106 1897 autem
1134 1853 1266 1916 prorsus

233 1939 320 2004 credi
344 1961 409 2004 non
431 1941 534 2030 possit
556 1939 744 2018 Pindarum,
770 1959 843 2002 cum
868 1937 1037 2021 Olympiae
1059 1937 1171 2001 statim
1193 1939 1268 2021 post
1361 1955 1367 1976 ’

232 2042 388 2107 Theronis
411 2043 582 2108 victoriam
605 2063 735 2107 carmen
764 2041 797 2105 in
828 2041 896 2106 eiua
922 2041 1077 2105 honorem
1099 2043 1266 2123 pangeret,

235 2144 275 2211 de
312 2147 427 2211 nuntio
475 2147 632 2212 victoriae
672 2146 882 2228 Agrigentum
928 2143 1055 2228 perlato
1091 2141 1268 2226 quidquam

236 2251 401 2332 cognitum
424 2250 594 2330 habuisse,
632 2272 691 2333 pro
726 2255 816 2315 certo
851 2246 982 2331 quidem
1012 2247 1125 2329 negari
1157 2243 1269 2329 nequit

236 2351 416 2418 Theronem
433 2352 677 2418 thcoxeniornm
694 2353 983 2436 Agrigentinorum
1003 2356 1149 2434 tempore
1171 2369 1269 2414 curru

236 2455 350 2520 vicisse
384 2491 419 2503 -·
453 2477 527 2520 nam
560 2455 672 2521 eodem
700 2456 781 2520 haec
812 2459 957 2537 tempore
988 2453 1086 2518 fuisse
1115 2473 1179 2536 quo
1203 2472 1270 2517 cer-

236 2563 346 2622 tamen
384 2579 449 2622 uon
482 2559 586 2642 magis
622 2560 735 2642 negari
769 2579 868 2640 qnam
899 2557 1050 2624 contendi
1078 2561 1188 2641 potest
1210 2574 1270 2638 -3

237 2661 351 2744 procul
374 2667 482 2727 tamen
504 2661 657 2728 habenda
680 2666 730 2727 est
753 2683 792 2727 ea
814 2661 932 2746 opinio,
960 2660 1022 2724 nisi
1046 2681 1085 2724 ex
1107 2660 1178 2744 ipso
1202 2679 1272 2724 car-

236 2765 321 2830 mine
337 2765 587 2836 commendetur,
610 2766 693 2831 Nam
709 2766 831 2831 nullam
847 2785 956 2830 rernm
972 2763 1124 2829 notitiam
1140 2761 1271 2829 subesse

236 2869 312 2933 huic
333 2870 550 2954 interpretum
573 2870 749 2954 suspicioni
774 2876 807 2934 et
833 2869 952 2948 exiis,
987 2888 1070 2950 quae
1100 2865 1185 2946 dixi,
1216 2888 1273 2951 ap·

237 2977 332 3055 paret
348 2976 382 3037 et
398 2992 437 3036 ex
454 2971 584 3056 Didymi
601 2971 706 3037 verbis
721 2972 933 3055 intellegitur,
956 2971 1012 3053 qui
1029 2963 1274 3058 integendorum

239 3095 309 3140 esse
341 3073 440 3156 dicit,
478 3075 566 3160 quod
594 3076 664 3161 ipse
697 3075 923 3141 Aristarchum
956 3074 1274 3160 secutusprobat1).

240 3177 303 3244 Sed
332 3179 367 3244 in
397 3179 469 3264 ipso
499 3179 641 3244 carmine
671 3201 712 3245 ne
742 3179 941 3244 levissimum
964 3177 1095 3260 quidem
1118 3182 1170 3243 est
1191 3176 1275 3242 indi·

239 3283 324 3348 cium
347 3289 405 3349 aut
426 3283 580 3370 adeptam
602 3288 658 3349 aut
681 3283 866 3348 nuntiatam
891 3303 960 3348 esse
982 3281 1167 3362 victoriam,
1198 3280 1274 3346 dum

293 3580 316 3644 1)
342 3574 510 3647 Quamquam
528 3582 592 3632 ante
609 3577 662 3631 hoe
679 3575 788 3646 Didymi
807 3575 907 3630 dictum
925 3577 953 3630 in
972 3575 1083 3631 scholiis
1100 3576 1175 3630 solus
1192 3573 1276 3628 victo·

239 3663 296 3718 riae
314 3663 426 3717 nuntius
444 3669 606 3718 memoratus
624 3668 667 3718 est
685 3662 807 3717 Theroni
825 3662 971 3717 theoxenia
993 3661 1145 3716 celebranti
1168 3659 1276 3727 allatus,

240 3754 331 3804 tamen
350 3751 431 3805 etiam
448 3749 483 3805 ad
495 3749 609 3804 alteram
621 3765 681 3805 cum
698 3748 750 3803 hac
763 3749 933 3804 coniunctam
946 3749 1102 3817 opinionem
1113 3746 1142 3800 id
1154 3751 1278 3816 spectare

240 3833 300 3904 ipsa
317 3849 407 3889 rernm
422 3835 595 3891 cohaerentia
613 3835 679 3890 satis
691 3834 863 3890 manifestum
882 3838 932 3900 est,
950 3832 1110 3903 praesertim
1122 3847 1182 3886 cum
1196 3831 1278 3885 etiam

239 3925 303 3990 post
324 3924 497 3974 memoratam
520 3921 634 3975 alteram
658 3920 814 3990 opinionem
841 3918 986 3989 Didymnm
1005 3917 1165 3972 Aristarcho
1191 3916 1278 3986 magis

240 4005 433 4076 adstipulatum
451 4019 511 4062 esse
528 4005 699 4076 adiungatur.
