3088 4648
649 331 864 393 ..13-

240 501 297 583 qui
333 499 394 565 hoc
432 504 547 582 negat,
586 498 875 568 demonstrandum
911 511 960 569 est
994 505 1167 570 Hieronem
1202 511 1278 589 post

240 603 379 668 Aetnam
404 602 566 668 conditam
594 624 769 686 numquam
795 606 1033 689 Syracusanum
1056 610 1277 674 renuntiatum

242 729 322 789 esse,
346 706 540 791 quod'haud
563 706 658 772 facile
682 707 766 772 effici
789 730 885 791 posse
908 717 998 794 puto.
1021 712 1130 777 Unum
1150 717 1277 778 tantum

242 835 282 878 ex
306 817 465 897 quattuor
488 811 706 892 carminibus,
740 811 834 896 quae¹
848 813 983 881 Hieroni
1013 815 1167 882 dedicata
1193 823 1278 898 sunt,

243 917 388 998 ,Hieroni
411 916 568 980 Aetnaeo‘
607 916 801 999 inscriptum
837 922 904 998 est,
943 939 1071 984 carmen
1108 920 1279 1003 Pythicum

241 1021 402 1105 primum;
428 1017 485 1083 sed
509 1018 537 1082 ei
562 1020 697 1084 carmini
721 1020 882 1087 Pindarus
905 1023 1018 1090 laudes
1034 1025 1187 1091 Hieronis
1204 1028 1280 1092 Aet-

243 1147 304 1189 nae
330 1123 508 1189 conditoris
531 1125 679 1205 inseruit,
702 1126 751 1190 ita
774 1131 811 1190 ut
832 1126 895 1210 ipsi
916 1135 1110 1211 'argumento
1127 1130 1279 1193 carminis
1369 1197 1377 1216 ,

240 1250 375 1313 prorsus
397 1228 569 1311 inscriptio
592 1228 788 1312 respondeat
844 1231 989 1295 Tertium
1012 1238 1122 1296 autem
1146 1253 1277 1297 carmen

243 1331 432 1416 Pythicum,
469 1329 557 1413 quod
578 1339 654 1414 post
676 1333 816 1415 primum
842 1334 1045 1420 Olympiadis
1081 1339 1120 1399 76
1159 1359 1278 1402 annum

243 1435 458 1519 compositum
481 1455 551 1498 esse
576 1442 704 1500 constat
717 1435 752 1522 ¹),
766 1458 845 1523 'non
868 1439 1004 1505 Hieroni
1027 1440 1191 1522 Aetnaeo,
1222 1442 1279 1507 sed

241 1539 377 1604 Hieroni
401 1538 604 1622 Syracusano
627 1538 810 1622 dedicavit,
844 1563 909 1626 qua
935 1564 987 1624 re,
1024 1544 1051 1608 si
1074 1543 1153 1628 quid
1176 1543 1279 1625 video,

241 1648 379 1728 apparet
410 1664 450 1708 ex
479 1643 693 1726 inscriptione
724 1646 877 1710 carminis
912 1646 1073 1731 Olympici
1102 1649 1200 1731 primi
1227 1649 1281 1712 vix

241 1769 382 1829 causam,
407 1754 555 1812 curante
571 1750 710 1812 Aetnam
729 1748 892 1813 conditam
918 1752 1076 1834 scriptum
1100 1748 1152 1834 sit,
1176 1754 1280 1836 repeti

241 1874 353 1936 posse,
390 1853 584 1936 praesertim
608 1873 679 1916 cum
704 1851 894 1917 secundum
914 1875 1042 1937 quoque
1066 1876 1196 1920 carmen
1220 1856 1281 1940 Py·

242 1957 383 2037 thicum,
415 1955 502 2040 quod
531 1961 606 2020 ante
632 1955 856 2040 Olympiadem
883 1960 923 2022 76
947 1960 1104 2043 scriptum
1128 1981 1198 2024 esse
1221 1961 1280 2025 mi·

240 2062 325 2126 nime
349 2065 489 2140 constat,
513 2059 657 2141 ,Hieroni
683 2061 898 2145 Syracusano‘
921 2064 1115 2146 inscriptum
1138 2065 1190 2128 sit.
1214 2065 1281 2130 Ita-

243 2187 305 2251 que
328 2165 409 2229 nihil
433 2166 543 2229 valent
567 2186 701 2245 causae,
740 2164 859 2248 quibus
882 2165 1041 2249 Bergkius
1063 2170 1098 2230 et
1120 2166 1280 2250 Jonghius

242 2271 467 2337 demonstrare
498 2268 695 2333 studuerunt
733 2290 865 2335 carmen
897 2271 1102 2354 Olympicum
1137 2272 1279 2355 primum
1390 2280 1400 2304 ¹

243 2373 434 2459 Olympiade
459 2375 500 2438 76
523 2375 736 2458 compositum
761 2396 842 2443 esse.
887 2375 926 2439 In
949 2375 1071 2440 scholio
1095 2380 1204 2440 autem
1229 2395 1281 2440 oo·
1389 2447 1393 2458 ,

242 2478 324 2544 dicis
349 2478 614 2544 Vratislaviensis
645 2477 687 2542 ad
718 2479 964 2561 inscriptionem
999 2479 1095 2565 huius
1127 2479 1281 2544 carminis

241 2583 407 2666 adscripto
432 2581 519 2646 clare
543 2581 666 2647 dictum
689 2589 739 2647 est
756 2583 932 2647 Hieronem
951 2581 1145 2666 Olympiade
1163 2583 1203 2649 77
1219 2584 1283 2647 vic-

241 2694 346 2753 torem
370 2687 593 2751 renuntiatum
616 2688 733 2772 esse2).
780 2687 870 2764 Quae
901 2685 1015 2751 eodem
1037 2686 1109 2751 loco
1132 2686 1166 2750 in
1190 2687 1281 2752 scho-

241 2791 294 2857 liis
317 2789 491 2855 Vaticanis
521 2789 675 2874 leguntur
705 2791 880 2855 Hieronem
910 2789 1101 2874 Olympiade
1126 2790 1167 2856 73
1198 2811 1282 2873 equo

242 2894 356 2959 vicisse
378 2893 447 2972 sel,
478 2898 515 2957 ut
537 2895 686 2960 nonnulli
711 2894 832 2976 dicant,
856 2894 1011 2981 curru³),
1043 2899 1191 2960 curtam
1214 2895 1283 2960 vio-

241 2999 356 3078 lenter,
378 3002 416 3062 ut
432 2997 590 3081 Bergkius
614 2997 693 3063 fecit
702 2999 742 3084 ⁴),
766 2996 924 3063 mutanda
947 2998 1024 3077 sint,
1046 2997 1170 3064 nullam
1187 2998 1280 3065 video

295 3191 315 3260 1)
335 3189 376 3245 cf.
395 3190 469 3245 Poet
488 3189 538 3259 lyr.
558 3188 656 3242 Graeci
674 3202 727 3242 ree.
747 3188 846 3257 Bergk.
867 3188 907 3243 ed.
927 3189 973 3241 Iv.
993 3190 1046 3242 vol.
1066 3190 1079 3243 I
1097 3205 1142 3259 pg.
1162 3188 1185 3246 7.

293 3283 316 3354 ²)
333 3275 369 3338 ‘O
393 3278 424 3336 δὲ
445 3275 529 3341 αὐτὸς
550 3275 596 3335 καὶ
615 3276 665 3352 τὴν
686 3273 724 3344 οξ
746 3272 807 3354 νικᾷ
828 3276 935 3354 κέλητι,
955 3277 1005 3354 τὴν
1027 3277 1058 3335 δὲ
1077 3276 1111 3354 ori
1125 3275 1280 3356 τεθρίππῳ.

293 3379 316 3447 ³)
334 3369 554 3451 ’Eurye‘ypmrrm
574 3373 589 3430 ὁ
610 3370 741 3435 triviam:
755 3367 864 3450 Ἱέρωνι
885 3374 926 3450 τῷ
940 3370 1067 3435 Γέλωνος
1081 3370 1195 3450 ἀδελφῷ
1209 3372 1280 3450 vinii-

241 3492 319 3528 σαντι
338 3467 415 3548 ἵππῳ
435 3467 534 3546 κέλητι
555 3468 604 3545 τὴν
626 3463 665 3543 oy'
684 3463 864 3545 Ὀλυμπιάδα
884 3466 902 3544 ἢ
924 3469 962 3531 ὥς
983 3465 1050 3525 ἔνιοι
1071 3466 1182 3545 ἅρματι.

292 3565 314 3634 4)
332 3562 468 3632 Bergkius
488 3559 528 3640 (ιγ’
547 3566 635 3616 mutat
651 3562 680 3616 in
705 3559 743 3626 ις’
765 3567 792 3614 et
814 3567 877 3632 poet
899 3561 966 3632 ἔνιοι
987 3560 1122 3616 excidisse
1141 3561 1282 3618 contendit

240 3660 290 3737 τὴν
312 3657 361 3731 οἵ,
381 3659 431 3736 τὴν
447 3658 478 3718 δὲ
492 3654 549 3736 ors:
566 3658 605 3712 ita
628 3664 658 3712 ut
680 3657 828 3713 scholiasta
846 3657 994 3713 Vaticanus
1015 3657 1179 3727 interpretes
1197 3655 1281 3712 ambi·

239 3768 306 3823 gere
324 3755 405 3824 dicat,
425 3752 497 3824 quod
515 3754 612 3808 mirum
631 3769 686 3809 non
705 3755 747 3822 sit,
775 3754 799 3808 si
810 3754 893 3808 Hiero
912 3752 1018 3809 duabus
1041 3753 1176 3808 continuis
1190 3751 1282 3824 Olym·

239 3842 366 3912 piadibus
383 3841 487 3896 deerit
524 3841 594 3895 Mihi
617 3857 673 3896 non
700 3856 813 3912 prorsus
841 3856 857 3896 a
875 3841 988 3895 veritate
1007 3840 1115 3894 videtur
1133 3839 1282 3895 abhorrere

238 3929 315 4000 illos,
342 3929 388 3999 qni
406 3929 555 3984 Hieronem
573 3928 734 4000 Olympiade
760 3927 794 3982 73
817 3943 897 3982 curru
915 3927 1013 3982 vicisse
1030 3931 1141 3998 putant,
1168 3925 1280 3982 Gelonis

239 4016 395 4086 victoriam,
420 4030 490 4086 quae
508 4029 540 4072 ea
559 4014 720 4085 Olympiade
746 4019 824 4086 parta
842 4020 913 4080 erat,
939 4028 998 4067 cum
1016 4011 1144 4066 Hieronis
1167 4012 1281 4068 victorie

239 4102 402 4160 confudisse.
