3088 4648
675 319 870 407 ..18-

255 501 342 564 toria
376 499 630 564 commemorata
665 495 727 576 sit,
765 493 947 560 Theronem
984 493 1083 559 semel
1122 494 1291 578 Olympiae

255 604 370 668 vicisse
392 606 541 688 apparet.
587 598 677 664 Idem
700 619 797 664 earo
821 598 1064 683 cognoscimus,
1100 597 1188 681 quod
1219 599 1291 681 ipso

257 707 399 773 carmine
416 705 584 790 Olympico
608 701 749 768 secundo
773 707 806 767 et
828 703 926 768 tertio
949 701 1129 768 indicatum
1152 706 1202 766 est
1223 710 1293 768 tum

257 811 399 895 primum
422 809 563 874 Theroni
586 827 751 892 summum
767 807 802 872 in
826 805 913 872 ludis
937 806 1114 890 Olympiois
1136 806 1294 872 honorem

257 913 416 981 tributum
439 932 527 997 esse;
551 910 590 981 cf.
615 910 663 980 Ol.
687 911 886 976 1151-52:
1277 919 1280 925 “

304 1070 312 1084 .
337 1067 345 1082 .
369 1067 376 1082 .
400 1070 408 1085 .
431 1013 469 1081 cd
492 1013 529 1082 δὲ
549 1017 658 1098 τυχεῖν

300 1115 500 1209 πειρώμενον
521 1113 673 1204 ἀγωνίας,
695 1114 882 1208 deponenda
903 1116 1074 1210 παραλύει.

260 1225 518 1297 mfflfflffl

303 1336 357 1396 νῦν
379 1329 415 1400 δὲ
435 1329 522 1418 πρὸς
536 1327 688 1413 ἐσχατιὰν
701 1323 821 1417 Θήραν
843 1322 1009 1418 ἀρεταῖσιν
1023 1323 1136 1395 ἱκάνων
1158 1324 1297 1396 ἅπτεται

302 1435 430 1501 οἴκοθεν
447 1430 628 1521 Ἡρακλέος
650 1431 776 1500 σταλᾶν.

262 1541 343 1607 Nam
368 1539 425 1623 qui
448 1543 575 1604 certare
598 1543 744 1618 conatur,
769 1537 910 1620 primum
933 1537 993 1605 hoc
1018 1544 1183 1606 certamen
1199 1541 1300 1608 susci-

262 1646 331 1731 pit,
365 1643 428 1708 nisi
456 1642 637 1712 indicatum
668 1645 718 1706 est
749 1661 822 1706 eum
852 1642 970 1708 iterum
993 1643 1043 1709 vel
1066 1642 1242 1730 identidem
1265 1644 1300 1710 id

264 1748 463 1832 suscepisse,
497 1767 602 1830 neque
631 1748 731 1830 poita
755 1744 862 1811 dicere
883 1752 1015 1830 poterat
1037 1753 1106 1812 tum
1129 1748 1172 1814 ad
1196 1754 1300 1814 extre-

263 1874 351 1918 mum
375 1852 506 1918 virtutis
528 1851 703 1916 terminum
725 1848 907 1917 Theronom
937 1853 1140 1935 pervenisse,
1175 1854 1203 1918 si
1234 1854 1299 1918 iam

266 1962 365 2023 antea
381 1956 550 2040 Olympico
572 1954 711 2021 victoria
733 1953 819 2019 hunc
834 1955 1008 2022 terminum
1025 1962 1195 2023 assecutus
1219 1963 1301 2029 erat.

268 2061 449 2127 Theronem
471 2065 581 2126 autem
605 2058 719 2125 eadem
744 2059 948 2143 Olympiade,
971 2081 1037 2145 qua
1059 2061 1229 2128 victoriam
1252 2083 1302 2127 re·

266 2165 430 2250 portavit,
463 2169 627 2229 mortuum
650 2182 722 2229 esse
745 2167 875 2230 constat
884 2163 930 2250 ¹),
961 2164 1010 2230 io
1032 2169 1070 2230 ut
1090 2164 1230 2231 alteram
1253 2188 1303 2232 re-

266 2274 400 2354 portare
435 2290 499 2335 non
536 2269 691 2355 potnerit.
734 2267 857 2346 Quodsi
893 2267 999 2334 Thero
1037 2269 1137 2334 semel
1175 2275 1303 2336 tantum

268 2373 438 2460 Olympiae
461 2373 565 2440 victor
596 2372 803 2439 renuntiatus
837 2378 908 2460 ost,
945 2378 1033 2439 certe
1063 2373 1209 2440 dubitari
1239 2395 1304 2440 non

184 2487 186 2492 '
269 2473 392 2562 potest,
422 2478 502 2561 quin
530 2497 662 2543 carmon
685 2475 891 2563 Olympicum
914 2476 1091 2543 secundum
1115 2483 1148 2543 et
1170 2478 1305 2560 tortium

244 2567 248 2576 ’
270 2582 313 2648 ad
337 2582 473 2649 eandem
495 2581 666 2648 victoriam
689 2582 883 2666 pertineant.

335 2686 406 2751 lam
428 2684 658 2768 inquirendum
682 2706 752 2767 esse
774 2691 864 2769 puto,
888 2705 952 2768 quo
975 2690 1123 2770 tempore
1146 2685 1251 2752 Thero
1274 2686 1308 2751 in

272 2790 358 2856 ludis
382 2779 560 2875 Olymp'ioi's
583 2790 710 2861 vicerit.
741 2789 831 2868 Quae
853 2790 887 2854 in
910 2790 1041 2856 scholiis
1064 2790 1106 2856 ad
1131 2789 1307 2856 secundum

272 2914 403 2959 carmen
425 2892 666 2978 pertinentibus
689 2891 897 2975 exhibentur,
922 2893 985 2958 sibi
1008 2915 1073 2960 non
1101 2899 1253 2960 constant
1275 2899 1309 2960 et

272 2997 480 3082 neglegenter
503 2997 573 3062 aine
595 2995 694 3063 dubio
718 3002 871 3081 congesta
894 3004 978 3067 sunt.
1005 2999 1044 3063 In
1067 2997 1200 3065 exordio
1224 2999 1309 3064 euim

273 3101 316 3168 ad
330 3101 576 3184 inscriptionem
589 3101 743 3166 carminis
759 3102 1001 3185 septuagesima
1017 3102 1156 3185 septima
1166 3102 1193 3188 ²)
1203 3101 1312 3186 Olym·

273 3203 371 3290 piade
383 3203 565 3271 Theronem
587 3205 731 3290 palmam
754 3210 939 3271 assecutum
962 3225 1033 3271 esse
1056 3205 1253 3286 adnotatur3
1278 3206 1312 3271 in

275 3311 316 3376 iis
338 3313 460 3391 autem,
484 3330 567 3394 quae
591 3309 633 3375 ad
656 3330 783 3376 versum
809 3312 870 3376 166
895 3309 948 3397 (=
965 3312 1021 3396 92)
1044 3308 1201 3377 adnotata
1225 3314 1312 3390 sunt,

279 3413 471 3499 Olympiade
502 3415 741 3500 septuagesima
764 3419 858 3482 sexta
879 3415 930 3481 vel
961 3415 1101 3500 septima
1131 3414 1312 3480 Theronem

352 3679 372 3745 1)
400 3676 467 3731 Rem
500 3677 716 3746 praeclarissime
751 3677 896 3732 illustravit
931 3676 1083 3732 Boeckhius
1110 3677 1127 3730 l.
1155 3678 1172 3730 l.
1207 3677 1232 3731 ll
1269 3693 1315 3748 pg.

278 3763 331 3818 205
367 3762 425 3819 209.

347 3862 371 3936 2)
406 3856 517 3938 Θήρωνι
551 3854 766 3942 Ἀκραγαντίνῳ]
807 3861 958 3940 γέγραπται
992 3844 1173 3923 tentiae<
1209 3858 1318 3937 Θήρωνι

281 3953 485 4033 Ἀκραγαντίνῳ
526 3955 629 4035 ἅρματι
672 3955 818 4035 νικήσαντι
850 3957 900 4034 τὴν
941 3954 1154 4034 ἑβδομηκοστὴν
1196 3951 1317 4031 ἑβδόμην

291 4046 467 4127 Ολυμπιάδα.
