3088 4648
721 291 937 356 ...32-

316 465 446 546 potitam
476 458 666 526 disseruisse
694 462 852 544 suspicor.
899 460 977 526 Cum
1011 480 1051 525 ex
1080 459 1146 524 illis
1176 457 1349 525 arboribus

316 585 474 645 coronae,
496 563 613 646 quibus
636 565 775 630 victores
798 564 913 630 donari
936 563 1103 646 solebant,
1126 569 1348 649 carperentur,

317 671 397 734 satis
429 666 599 753 probabile
633 673 683 731 est
716 666 757 732 ob
789 689 861 733 eam
896 689 1029 733 causam
1066 667 1243 732 Pindarum
1280 672 1349 732 tam

317 775 447 857 copiose
470 792 541 837 eam
563 792 632 835 rem
655 773 859 854 exposuisse,
890 771 978 855 quod
999 770 1116 852 iidem,
1140 771 1196 854 qui
1218 791 1349 836 carmen

317 876 360 941 ad
381 875 560 940 Theronem
584 873 724 939 delaturi
746 881 856 956 erant,
895 872 1052 941 coronam
1077 894 1206 958 quoque
1238 895 1258 938 a
1282 895 1350 938 cer-

317 979 450 1044 taminis
484 977 618 1042 arbitris
653 977 810 1043 tributam
849 978 980 1045 domino
1014 978 1144 1043 tradere
1180 976 1351 1043 debebant.

319 1081 382 1148 Sed
404 1081 472 1146 hoc
487 1080 622 1145 minoris
653 1100 723 1144 esse
753 1080 878 1167 iudicc;
912 1102 1042 1147 carmen
1067 1081 1235 1165 Olympiae
1265 1100 1351 1145 ccm-

318 1187 462 1271 positum
485 1204 555 1248 esse
579 1189 724 1268 constat;
762 1185 876 1270 itaque
898 1185 969 1250 fieri
992 1205 1057 1250 non
1087 1187 1234 1268 poterat,
1273 1183 1351 1266 quin

318 1311 339 1355 a
371 1287 489 1371 legatis
513 1287 685 1368 Theronis,
720 1308 816 1370 quern
840 1290 1056 1372 Agrigentum
1085 1308 1150 1352 non
1178 1286 1351 1369 reliquisse

317 1395 387 1458 inre
409 1391 575 1470 statuitur,
599 1390 642 1456 ad
669 1389 834 1457 dominum
858 1391 1049 1457 deferretur.
1093 1390 1183 1468 Quae
1206 1410 1281 1454 cum
1304 1391 1352 1455 ita

319 1496 403 1576 sint,
427 1515 524 1579 porro
548 1493 720 1559 videndum
744 1500 810 1577 est,
843 1502 950 1560 utrum
974 1515 1105 1560 carmen
1128 1493 1297 1577 Agrigenti
1320 1495 1354 1557 in

320 1597 530 1666 sollemnibus
552 1597 683 1682 publice
705 1599 748 1664 ad
761 1600 930 1664 victoriam
948 1596 1172 1662 celebrandam
1193 1598 1354 1662 institutis

320 1725 362 1768 an
393 1702 479 1766 domi
503 1702 660 1767 Theronis
692 1701 898 1768 audientibus
929 1703 1042 1767 amicis
1073 1706 1106 1765 et
1140 1699 1355 1765 familiaribus

320 1807 388 1872 eius
423 1810 590 1870 cantatum
626 1807 677 1871 sit.
724 1805 795 1883 Qua
827 1807 861 1870 in
894 1827 929 1870 re
960 1805 1165 1888 aliquantum
1199 1805 1355 1868 momenti

319 1907 435 1989 habet,
470 1909 558 1992 quod
588 1911 685 1992 polita
708 1908 772 1974 duo
796 1911 941 1974 carmina
964 1908 1006 1972 ad
1029 1906 1164 1973 eandem
1186 1906 1355 1972 victoriam

320 2012 571 2098 praedicandam
596 2012 735 2095 scripsit.
782 2013 900 2096 Aliquo
923 2013 994 2076 iure
1017 2012 1101 2075 enim
1124 2009 1200 2074 inde
1224 2011 1356 2074 coniici-

321 2127 374 2181 tur
397 2117 536 2180 alterum
560 2136 690 2180 carmen
724 2135 761 2180 eo
784 2116 919 2180 consilio
950 2115 1161 2197 compositum
1194 2133 1281 2194 esse,
1319 2119 1357 2177 ut

320 2218 465 2304 publice,
498 2218 655 2296 alterum,
686 2223 724 2282 ut
757 2217 845 2282 dorni
868 2216 1025 2282 Theronis
1059 2217 1093 2280 in
1128 2217 1355 2281 comissatione

321 2325 525 2388 recitaretur.
571 2321 692 2399 Quodsi
722 2325 886 2403 tenemus,
924 2319 1025 2386 statui
1055 2325 1164 2404 potest
1192 2321 1298 2384 maius
1323 2324 1357 2384 et

322 2426 582 2511 magnificentius
615 2445 745 2492 carmen
776 2427 809 2490 in
843 2423 1054 2490 sollemnibus
1088 2420 1243 2507 publiciS,
1283 2423 1358 2486 sim-

322 2532 438 2616 plicius
461 2531 495 2595 in
518 2529 652 2596 aedibus
676 2530 834 2594 Theronis
859 2533 1027 2594 cantatum
1059 2547 1136 2597 esse.
1181 2525 1358 2591 Pindarum

322 2656 357 2700 re
388 2656 467 2700 vera
494 2656 532 2700 eo
564 2634 698 2700 consilio
729 2653 859 2698 carmen
884 2632 1088 2715 Olympicum
1117 2628 1251 2693 tertium
1282 2649 1357 2694 con-

323 2739 500 2823 scripsisse,
523 2739 616 2803 utin
640 2737 868 2803 comissatione
892 2734 980 2800 domi
1002 2733 1134 2798 victoris
1155 2730 1358 2798 instituenda

321 2843 525 2922 recitaretur,
549 2841 712 2924 exipsius
736 2837 842 2904 verbis
863 2837 1014 2920 cognosci
1037 2839 1156 2917 potest.
1189 2835 1359 2900 Musarum

323 2945 408 3011 enim
431 2944 578 3009 versibus
599 2946 621 3008 4
643 2944 717 3008 etii
751 2942 906 3006 auxilium
936 2939 1108 3023 implorat,
1147 2943 1183 3002 ut
1219 2945 1359 3019 carmen,

324 3047 411 3133 quod
433 3049 467 3112 in
490 3047 718 3113 comissatione
747 3043 931 3128 splendeat,
966 3040 1075 3131 φωνὰν
1098 3090 1106 3107 .
1130 3089 1137 3105 .
1163 3091 1170 3104 .
1194 3037 1358 3124 ἀγλαόκω-

285 3222 288 3227 ,
323 3172 384 3234 μον
417 3127 500 3216 bebo
531 3149 649 3215 Dorico
682 3168 816 3213 numero
848 3152 962 3233 aptare
996 3146 1108 3230 possit.
1154 3145 1224 3209 Illis
1254 3144 1361 3211 verbis

325 3274 391 3320 non
412 3254 519 3318 minus
548 3252 635 3318 clare
665 3273 763 3337 quam
794 3250 947 3317 carminis
973 3249 1082 3342 quarti
1105 3268 1200 3313 versu
1223 3249 1278 3335 9¹)
1303 3269 1360 3333 ap-

323 3363 420 3443 paret
441 3377 571 3422 carmen
595 3356 728 3441 abipso
751 3359 849 3440 potita
872 3352 1094 3422 comissaticni
1116 3351 1203 3417 domi
1226 3352 1361 3417 victoris

326 3461 472 3547 agendae
495 3461 693 3526 destinatum
720 3481 801 3526 esse.

382 3715 404 3784 1)
422 3713 462 3769 or.
481 3712 522 3768 01.
541 3711 580 3768 ιν
596 3711 678 3766 aa:

482 3799 506 3859 ὦ
526 3797 638 3879 Κρόνου
659 3799 735 3860 παῖ.
758 3848 763 3859 .
786 3842 794 3858 .
815 3843 822 3858 .

484 3891 706 3973 Οὐλυμπιονίκαν
728 3890 808 3951 δέκευ

484 3987 614 4068 Χαρίτων
634 3987 711 4048 ἕκατι
731 3986 810 4048 τόνδε
830 3987 934 4064 κῶμον.
