3088 4648
675 261 889 332 ..24-

270 436 385 520 habet,
415 437 503 521 quod
526 438 701 505 Dioscuros
731 439 766 504 in
789 437 879 505 coelo
902 439 1091 522 conspicuos
1115 459 1184 505 esse
1207 461 1302 525 opor·
1367 445 1380 452 '

270 547 350 623 teat,
375 561 448 606 cum
471 542 584 627 epulae
608 543 643 606 in
665 564 777 609 eorum
799 543 952 608 honorem
976 548 1153 612 struantur.
1185 544 1304 610 Secun-

273 644 350 710 dum
365 645 525 711 rationem
537 645 718 729 Hartwigii,
733 647 794 712 viri
806 645 887 712 coeli
899 645 1106 730 siderumque
1121 648 1304 731 cognitione

273 747 472 828 excellentie,
502 748 619 813 Pollux
635 751 691 815 ab
723 771 808 815 anno
830 750 1004 816 eso-370
1033 756 1110 815 ante
1140 750 1305 816 Christum

272 856 387 916 natum
411 856 502 916 ortus
525 857 576 915 est
591 855 738 936 tempore
754 852 897 934 solstitii,
919 851 1006 934 quod
1027 851 1157 934 dicitur,
1180 855 1305 920 aestivi.

274 955 390 1037 Itaque
424 953 643 1019 Mommsenus
676 954 850 1021 theoxenia
882 954 1012 1020 saeculo
1046 956 1160 1037 quinto
1194 956 1307 1022 eodem

277 1057 345 1124 fore
369 1061 516 1140 tompore
539 1063 614 1123 acta
636 1079 707 1122 esse
729 1057 910 1124 arbitratus
931 1078 995 1141 quo
1011 1057 1104 1122 ludos
1122 1058 1308 1143 Olympioos

275 1161 384 1227 divina
418 1159 558 1244 quadam
591 1162 623 1226 vi
646 1161 828 1227 Theronem
861 1162 895 1226 in
929 1161 1110 1227 theoxeniis
1144 1163 1309 1228 Dioscuris

277 1263 514 1330 sacrificantem
536 1265 606 1348 ipso
623 1263 685 1346 die,
710 1287 774 1348 quo
794 1266 964 1331 victoriam
979 1267 1206 1348 reportaverit,
1230 1287 1310 1330 nun·

276 1369 359 1433 tium
381 1368 546 1452 accepisse
569 1368 745 1436 contendit.
792 1371 946 1434 Attamen
967 1369 1064 1450 ratio,
1087 1389 1153 1451 qua
1176 1369 1306 1434 Momm·

277 1493 374 1537 senus
396 1472 439 1536 ad
462 1493 534 1537 eam
563 1473 747 1556 opinionem
777 1472 939 1538 adductus
968 1477 1034 1554 est,
1072 1495 1188 1557 parum
1216 1473 1312 1538 firma

277 1575 507 1656 videturesse,
531 1595 629 1658 quam
653 1577 705 1641 cui
728 1574 954 1642 confidendum
978 1576 1030 1643 sit.
1066 1577 1149 1642 Nam
1171 1577 1220 1642 ita
1240 1583 1313 1642 tan·

278 1685 349 1745 tum
371 1679 511 1759 valeret,
550 1679 577 1744 si
601 1679 834 1746 Dioscurcrum
857 1700 976 1745 numen
999 1685 1106 1746 totum
1130 1681 1163 1744 in
1186 1680 1314 1745 lumini·

279 1785 342 1850 bus
364 1781 557 1849 coelestibus
580 1788 667 1848 esset
688 1804 793 1866 neque
818 1783 906 1849 ultra
933 1803 1044 1848 eorum
1067 1784 1115 1849 vis
1137 1789 1236 1866 atque
1257 1804 1315 1868 po·

281 1891 383 1952 testas
406 1892 602 1954 cerneretur.
647 1885 691 1951 Et
709 1886 786 1952 licet
807 1886 867 1951 illa
888 1886 1094 1969 admittatur,
1117 1893 1228 1952 tamen
1250 1908 1315 1952 non

283 1991 431 2072 sequitur
464 1990 535 2074 ipso
569 1993 715 2074 tempore
749 1990 916 2056 solstitiali
947 1989 1120 2056 theoxenia
1146 1991 1315 2074 Agrigenti

283 2092 400 2173 fuissc;
437 2097 591 2175 poterant
613 2093 722 2157 ‘etiam
753 2093 933 2177 posteriore
964 2095 1041 2158 anni
1074 2098 1220 2177 tempore
1252 2094 1317 2176 agi,

285 2195 363 2262 dum
386 2194 530 2260 Castoris
553 2200 586 2260 et
607 2194 750 2260 Pollucis
778 2195 887 2261 sidera
910 2198 1085 2281 conspicua
1108 2203 1211 2268 erant.
1255 2196 1318 2262 Sed

286 2299 502 2366 concedamus
518 2298 690 2365 theoxenia
706 2320 744 2365 eo
759 2306 915 2384 tempore,
938 2321 1003 2384 quo
1019 2301 1237 2367 Mommsonus
1253 2305 1319 2365 sta-

287 2405 362 2486 tuit,
385 2408 461 2470 aota
484 2424 573 2486 esse,
608 2408 717 2469 tamen
740 2403 783 2470 ad
806 2405 957 2470 nuntium
978 2405 1133 2471 victoriae
1155 2403 1238 2470 festo
1260 2403 1319 2469 illo

287 2507 426 2574 allatum
447 2505 624 2572 Pindarum
646 2509 810 2591 respicere
832 2508 966 2593 probari
987 2530 1052 2575 non
1073 2513 1194 2592 potest.
1235 2507 1319 2572 Nam

288 2611 372 2677 miro
394 2609 535 2694 quodam
550 2609 646 2675 modo
661 2615 794 2695 praeter
808 2617 961 2678 naturam
977 2612 1156 2678 Theronem
1172 2610 1321 2676 nuntium

290 2714 455 2796 accepisse
487 2713 541 2777 vix
575 2715 747 2797 quisquam
779 2714 964 2782 crediderit.
1009 2715 1097 2779 Fieri
1126 2715 1227 2797 igitur
1257 2734 1322 2778 non

290 2822 430 2903 poterat,
454 2820 540 2881 utin
556 2817 738 2882 theoxeniis
754 2818 887 2882 nuntius
904 2818 1114 2900 Agrigentum
1132 2816 1324 2900 perveniret.

293 2922 357 2990 Sed
379 2922 507 2986 etiamsi
520 2920 609 2986 fama
623 2921 773 2985 nuntium
789 2921 944 2986 victoriae
959 2940 1017 3004 per
1040 2922 1128 3004 ipsos
1148 2920 1323 2985 Dioscuros

293 3025 506 3110 Agrigentum
529 3025 667 3089 allatum
687 3045 757 3088 esse
773 3062 814 3071 —
832 3025 960 3108 saepius
983 3026 1068 3090 enim
1088 3024 1176 3090 fama
1193 3023 1325 3087 Dioscu-

293 3129 457 3211 nosipsos
480 3128 669 3192 nuntiorum
685 3147 818 3191 munere
842 3126 971 3193 functos
994 3149 1064 3194 erse
1083 3125 1289 3212 percrebruit
1299 3125 1324 3210 ¹)

294 3238 393 3315 atque
417 3252 454 3296 eo
478 3230 605 3295 facilius
628 3231 707 3295 oriri
728 3235 877 3313 poterat,
912 3230 999 3313 quod
1022 3231 1225 3314 Agrigentini
1258 3229 1327 3292 sine

295 3334 393 3403 dubio
422 3355 487 3400 non
516 3334 731 3417 ignorabant,
769 3332 886 3415 quibus
920 3332 1035 3399 diebus
1067 3334 1136 3399 ludi
1168 3331 1328 3417 Olympici

296 3443 471 3523 agerentur
495 3476 535 3484 -
559 3438 645 3501 inter
668 3436 757 3502 urbis
780 3437 902 3502 incolas
922 3437 1115 3520 pervulgata
1138 3442 1232 3513 esset,
1255 3435 1329 3500 Pin·
1356 3439 1359 3444 ’

297 3543 406 3623 darus,
430 3562 503 3607 cum
526 3561 657 3605 carmen
680 3538 846 3620 scriberet,
872 3540 941 3604 eius
964 3540 1011 3604 rei
1034 3541 1194 3605 rationem
1209 3538 1329 3604 habere

193 3681 199 3689 ·
298 3667 363 3712 non
384 3649 523 3729 poterat,
570 3643 653 3708 Nam
685 3642 772 3725 quod
796 3646 894 3727 polita
922 3642 984 3709 hoc
1006 3664 1136 3708 carmen
1161 3643 1330 3726 Olympiae

298 3750 409 3815 statim
439 3753 515 3832 post
541 3747 773 3830 quadrigarum
805 3752 971 3812 certamen
1006 3747 1205 3829 composuit,
1239 3745 1330 3809 illam

300 3911 398 3918 ...η-...-

353 3973 433 4045 1)Cf.
453 3971 550 4028 Philet
569 3970 608 4025 XI
625 3987 671 4040 pg.
693 3970 750 4026 706.
788 3970 892 4024 Preller
909 3969 927 4026 l.
945 3970 962 4024 l.
983 3972 1035 4024 vol.
1054 3969 1080 4025 Π
1098 3984 1143 4040 pg.
1163 3968 1204 4023 99.
