3088 4648
685 355 899 420 ,36-

279 555 353 602 rum
375 551 516 611 carmen,
537 529 577 595 de
600 549 664 614 quo
680 529 800 612 agitur,
821 528 1047 612 composuisse,
1071 534 1108 593 nt
1128 527 1257 614 publice
1278 530 1314 596 in

280 639 430 704 contione
442 636 583 701 omnium
594 632 879 716 Agrigentinorum
893 637 1092 698 cantaretur.
1116 632 1313 700 Schmidtius

280 742 380 806 etiam
395 739 524 821 longius
538 734 714 820 procedere
730 755 829 800 ausus
851 735 886 798 in
909 735 1117 801 sollemnibus
1139 736 1183 818 ad
1205 738 1312 802 lovem

279 842 448 910 colendum
478 841 637 906 institutis
666 839 727 905 hoo
757 839 930 923 epinicium
961 839 1135 904 recitatum
1168 861 1238 904 esse
1261 863 1313 906 ar-

278 947 431 1013 bitratur.
489 942 552 1009 Sed
586 941 735 1025 equidem
763 942 870 1008 fateor
898 962 949 1006 me
977 943 1120 1024 nullum,
1154 965 1218 1027 quo
1251 945 1313 1010 hoc

278 1048 445 1135 probetur,
469 1048 503 1111 in
526 1047 669 1112 carmine
693 1045 848 1111 indicium
871 1045 1028 1130 indagare
1050 1048 1206 1130 potuisse.
1230 1048 1314 1114 Nam

278 1150 426 1218 versibus
451 1151 598 1229 12-15,
629 1148 746 1232 quibus
770 1148 966 1215 Schmidtius
994 1150 1135 1216 fortasse
1156 1150 1198 1216 ad
1220 1152 1312 1218 illam

279 1256 474 1322 sententiam
494 1252 656 1318 adductus
678 1259 737 1333 est,
760 1252 842 1318 nihil
860 1252 1019 1338 probatur
1031 1255 1064 1340 ¹).
1088 1255 1137 1319 Ea
1156 1276 1201 1334 re,
1224 1255 1313 1338 quod

277 1362 376 1444 poeta
398 1358 506 1424 lovem
529 1356 693 1441 implorat,
727 1362 765 1421 ut
786 1355 928 1421 Theroni
949 1347 1114 1422 fortunam
1138 1358 1312 1425 secundam

277 1462 435 1548 praebere
466 1466 499 1526 et
529 1465 652 1526 terram
676 1482 696 1524 a
719 1459 869 1543 patribus
892 1464 1061 1544 acceptam
1083 1464 1224 1544 posteris
1247 1484 1313 1528 ser·

277 1587 354 1633 rare
377 1565 466 1644 velit,
489 1565 618 1630 omnino
641 1583 706 1628 non
726 1562 892 1628 indicatur
907 1584 1038 1628 carmen
1052 1565 1087 1628 in
1104 1565 1312 1630 sollemnibus

278 1669 320 1734 ad
336 1669 445 1734 Iovem
466 1666 637 1733 colendum
659 1667 818 1731 institutis
841 1668 1014 1732 recitatum
1033 1689 1102 1733 esse
1135 1668 1200 1734 Cur
1214 1672 1312 1753 po'efta

276 1772 361 1838 tales
382 1791 495 1856 preces
518 1768 652 1835 cuilibet
673 1772 809 1836 carmini
843 1770 887 1836 ad
908 1770 1021 1837 laudes
1045 1771 1201 1837 Theronis
1223 1793 1312 1856 speo-

276 1877 363 1942 tanti
384 1876 527 1941 inserere
549 1895 614 1938 non
636 1874 790 1958 potnerit,
813 1874 937 1939 nullam
961 1874 1054 1940 video
1076 1895 1218 1942 causam.

341 1979 517 2062 Reliquum
528 1984 587 2057 est,
603 1985 699 2058 ntea,
713 1999 797 2061 quae
809 1978 871 2044 hao
883 1979 1154 2043 commentatione
1168 1978 1311 2044 effecisse

275 2081 355 2148 mihi
374 2083 461 2147 visus
483 2102 565 2161 sum,
584 2083 729 2146 brevitor
746 2081 953 2165 complectar.
977 2080 1073 2147 Certo
1089 2083 1191 2163 igitur
1210 2086 1311 2148 statui

275 2191 385 2273 potest
408 2190 582 2267 utrumque
596 2204 727 2249 carmen
748 2183 791 2248 ad
807 2182 943 2250 eandem
956 2185 1125 2250 victoriam
1136 2188 1318 2270 pertinere,¹

277 2310 407 2355 carmen
432 2288 637 2372 Olympicum
671 2287 805 2352 tertium
836 2291 913 2352 ante
943 2288 1117 2353 secundum
1143 2289 1311 2374 Olympiae

276 2415 297 2460 a
318 2393 461 2459 Pindaro
483 2391 718 2475 conscriptum,
753 2397 928 2475 utrumque
951 2393 1121 2477 Agrigenti
1144 2398 1312 2458 cantatum

276 2517 356 2567 esse.
387 2496 461 2562 Non
482 2497 600 2577 minus,
624 2497 652 2560 si
668 2495 748 2578 quid
764 2494 867 2574 video,
891 2503 1022 2561 constat
1036 2496 1213 2562 reiicienda
1231 2518 1311 2578 esse,

276 2601 417 2686 quaein
442 2600 573 2666 scholiis
597 2601 637 2666 de
660 2601 798 2666 victoria
821 2601 1068 2666 theoxeniorum
1093 2607 1240 2684 tempore
1262 2621 1312 2666 re·

276 2709 410 2790 portata
432 2705 483 2770 vel
505 2704 658 2769 nuntiata
682 2710 859 2769 narrantur
890 2709 923 2769 et
945 2724 1028 2788 quae
1049 2704 1247 2769 recentiores
1271 2703 1311 2769 de

277 2808 419 2873 carmine
451 2808 696 2873 theoxeniornm
727 2806 810 2872 festo
840 2804 1004 2872 destinato
1034 2807 1192 2891 suspicati
1225 2812 1311 2875 sunt.

277 2911 351 2976 Non
373 2917 442 2976 tam
466 2911 671 2996 exploratum
695 2931 765 2976 esse
788 2908 938 2990 concedo,
967 2916 1076 2975 utrum
1100 2931 1231 2977 carmen
1252 2933 1312 2996 pu·

275 3013 370 3095 blioe‚
394 3019 504 3080 utrum
527 3014 614 3080 domi
636 3014 769 3080 victoris
790 3014 963 3078 recitatum
988 3015 1041 3094 sit,
1065 3013 1122 3079 sed
1142 3014 1311 3098 probabile

275 3117 402 3184 videtur
424 3138 496 3184 esse
518 3138 648 3184 carmen
670 3117 803 3184 tertium
826 3115 913 3182 domi
936 3116 1111 3198 Theronis,
1135 3118 1312 3185 secundum

276 3229 386 3287 autem
408 3219 536 3305 publice
560 3241 670 3287 coram
692 3219 914 3304 Agrigentinis
937 3220 1111 3286 recitatum
1135 3242 1216 3289 esse.
1339 3206 1342 3212 ¹

280 3363 485 3374 μιμῇ-

331 3425 683 3498 pmmnnma.

432 3510 489 3573 ἀλλ’
512 3513 536 3571 ὦ
556 3511 660 3592 Κρόνιε
680 3516 731 3571 παῖ
744 3508 841 3584 Ῥέας,
859 3511 922 3577 ἔδοι
942 3510 1086 3590 Ὀλύμπου
1107 3514 1198 3590 νέμων

432 3608 542 3668 ἀέθλιον
563 3630 593 3667 τε
612 3608 735 3686 κορυφὰν
755 3607 840 3685 πόρον
860 3603 882 3666 τ’
900 3603 1030 3687 Ἀλφεοῦ,
1052 3607 1154 3674 ἰανθεὶς
1174 3609 1278 3675 ἀοιδαῖς

432 3701 543 3782 εόρρων
565 3701 685 3782 ἄρουραν
708 3701 747 3761 ἔτι
768 3701 883 3780 πατρίαν
908 3701 999 3781 σφίσιν
1020 3703 1137 3780 κόμισον

434 3799 524 3876 λοιπῷ
545 3797 625 3876 γένει.
