3088 4648
615 366 832 429 ..35-

144 567 146 575 ·
208 537 342 602 consilio
366 536 585 620 composuisse
613 537 774 623 oenset1),
805 542 844 601 ut
870 537 957 602 demi
976 537 1137 606 Theronis
1169 561 1246 606 een*

207 646 346 708 teretur.
391 640 462 718 Qua
486 641 614 705 ratione
637 639 798 704 adductus
821 641 883 721 sit,
918 647 956 705 ut
978 646 1121 724 statuet,
1156 643 1245 726 quod

208 742 298 808 nulle
321 743 418 809 modo
440 763 546 826 neque
570 764 609 807 ex
639 743 710 826 ipso
743 743 887 808 carmine
908 765 1013 826 neque
1037 764 1077 808 ex
1098 755 1245 811 ueterum

208 847 425 930 interpretum
448 845 714 911 adnotationibus
746 842 886 910 stabiliri
915 849 1037 931 possit,
1071 869 1111 912 ex
1144 849 1245 932 ipsius

209 950 492 1030 commentatione,
516 969 590 1013 eum
606 969 675 1013 rem
692 969 756 1013 nen
773 950 993 1031 explicaverit,
1014 953 1164 1034 cognosci
1180 973 1245 1017 non

208 1057 325 1138 potest.
371 1052 405 1118 Si
426 1073 502 1118 vero
525 1051 692 1132 sumimus,
726 1051 812 1136 quod
836 1053 941 1118 solnm
964 1052 1092 1120 videtur
1113 1053 1246 1138 probari

208 1176 319 1241 pesse,
350 1156 489 1220 alterum
514 1175 645 1220 carmen
667 1154 815 1238 publice,
839 1156 979 1222 alterum
1002 1157 1090 1223 domi
1112 1159 1245 1224 victoris

209 1264 376 1324 cantatum
403 1280 482 1339 esse,
507 1271 638 1324 carmen
661 1259 839 1324 secundum
873 1260 1083 1326 sollemnibus
1106 1261 1245 1348 publicis

208 1360 407 1427 destinatum
445 1361 545 1427 fuisse
581 1363 683 1428 statui
720 1367 846 1446 petest,
889 1384 963 1429 eum
1002 1366 1245 1457 cognoverimus

209 1485 340 1532 carmen
364 1466 497 1530 tertium
516 1466 551 1530 in
574 1467 800 1531 comissatione
822 1468 857 1530 in
881 1466 1018 1532 aedibus
1047 1469 1133 1552 regis
1160 1490 1247 1534 eem-

208 1574 325 1652 parata
349 1574 516 1633 cantatum
541 1589 620 1640 esse.
664 1569 811 1650 Accedit,
843 1569 944 1653 quod,
976 1578 1014 1636 nt
1046 1571 1244 1637 Schmidtius

207 1678 295 1738 recte
317 1672 558 1754 animadvertit,
581 1680 653 1739 teta
677 1674 830 1738 carminis
850 1675 1042 1758 compositio
1066 1681 1100 1766 et
1124 1677 1152 1740 si
1175 1697 1247 1741 sen-

208 1777 329 1842 tentias
353 1781 386 1840 et
409 1777 437 1840 si
453 1797 521 1842 rem
536 1777 706 1842 metricam
723 1782 918 1860 spectamus,
936 1777 1012 1842 talis
1036 1783 1096 1858 est,
1120 1785 1158 1844 ut
1180 1800 1245 1844 nen

207 1881 293 1945 inter
315 1879 458 1963 parietes
481 1879 686 1960 demesticos,
711 1879 768 1944 sed
791 1901 865 1944 cum
887 1879 1060 1963 magnifice
1083 1888 1246 1966 apparatu

208 1980 337 2067 publice
360 1983 534 2048 recitatum
559 2003 630 2049 esse
645 1982 805 2052 videatur.
835 1983 972 2050 Sublimi
995 1984 1092 2050 huius
1116 1987 1247 2070 epinioii

210 2091 419 2170 argumente,
456 2107 595 2170 quocum
618 2108 723 2170 pauca
746 2093 875 2153 tantum
905 2088 1124 2173 reliquorum,
1160 2111 1245 2173 quae

209 2189 302 2255 nobis
324 2193 455 2274 praesto
480 2196 565 2270 sunt,
589 2189 722 2256 Pindari
746 2192 925 2257 carminum
945 2194 1128 2276 comparari
1150 2214 1245 2277 posse

209 2294 296 2357 inter
318 2294 421 2372 viros,
454 2315 591 2376 querum
614 2295 808 2378 intellegens
832 2316 871 2360 ea
893 2298 927 2360 in
949 2317 985 2360 re
1009 2302 1059 2361 est
1080 2296 1247 2378 iudicium,

213 2397 293 2461 satis
317 2401 455 2478 constat,
479 2389 606 2462 ostendi
627 2398 706 2462 mihi
722 2398 851 2463 videtur
867 2418 904 2463 eo
922 2389 1057 2465 consilio
1069 2399 1245 2466 Pindarum

212 2518 371 2564 summam
393 2489 503 2564 artem
521 2500 555 2564 in
578 2501 749 2566 sententiis
772 2521 811 2565 ex
832 2502 904 2584 ipsa
928 2501 1086 2567 Theronis
1115 2502 1249 2568 fortuna

211 2602 416 2668 illustrandis
438 2603 660 2685 praestitisse,
694 2607 731 2666 ut
754 2604 788 2668 in
810 2625 929 2688 magna
950 2605 1151 2670 audientium
1174 2624 1248 2671 eon·

211 2707 300 2772 tione
329 2705 458 2790 publice
489 2707 694 2776 recitaretur.
738 2706 914 2775 Praeterea
943 2707 1105 2774 Pindarus
1133 2708 1247 2775 laudes

213 2809 369 2874 Theronis
391 2810 452 2874 tali
483 2809 578 2876 mode
610 2811 746 2875 carmini
779 2811 933 2893 inseruit,
971 2817 1009 2876 ut
1043 2811 1138 2894 mihi,
1174 2833 1248 2878 eum

214 2932 343 2977 carmen
367 2913 485 2977 iterum
509 2918 609 2995 atque
631 2913 751 2978 iterum
774 2915 924 2997 legerem,
947 2917 1052 2998 magis
1076 2917 1247 3000 magisque

212 3036 403 3101 persuasum
426 3016 553 3081 sithoc
576 3036 613 3080 ee
637 3017 774 3082 consilio
797 3016 919 3083 factum
944 3040 1025 3099 esse,
1050 3025 1087 3085 ut
1110 3022 1247 3104 epinicio

211 3118 341 3203 publice
364 3141 474 3186 coram
505 3120 628 3186 civibus
661 3126 793 3186 cantato
824 3123 967 3187 omnium
990 3144 1082 3188 amor
1104 3129 1138 3188 et
1160 3145 1248 3190 vere-

211 3222 330 3289 cundia
363 3224 397 3287 in
431 3222 611 3289 Theronem
645 3228 829 3306 augeretur.
876 3224 971 3290 Certe
1007 3225 1175 3292 fatendum
1198 3235 1247 3294 est

210 3324 270 3392 has
292 3344 407 3391 causas
430 3347 494 3392 nen
517 3325 601 3392 tales
637 3345 722 3407 esse,
752 3331 789 3391 ut
818 3347 871 3393 res
894 3350 1028 3413 prorsus
1058 3330 1248 3397 absolvatur

210 3449 316 3512 neque
339 3428 408 3494 ulla
431 3427 593 3494 dubitatio
616 3429 655 3495 de
679 3431 833 3514 consilio,
865 3432 1010 3516 quodie
1034 3436 1176 3501 carmine
1199 3457 1247 3502 se·

211 3530 316 3598 cundo
353 3531 522 3616 Olympico
565 3534 798 3600 conscribendo
836 3537 997 3604 Pindarus
1029 3544 1159 3605 secutus
1193 3541 1247 3621 sit,

210 3640 350 3704 maneat.
370 3667 371 3670 ¹
392 3635 456 3702 Sed
479 3636 507 3702 si
529 3638 637 3703 omnia
666 3639 774 3704 animo
802 3641 1020 3724 complector,
1050 3641 1158 3708 faeere
1181 3664 1247 3709 non

211 3757 354 3823 possum,
377 3739 456 3823 quin
479 3760 612 3826 prorsus
634 3741 805 3826 probabile
828 3763 898 3809 esse
921 3743 1116 3811 contendam
1128 3745 1245 3814 Pinda-

266 3964 286 4031 1)
305 3962 345 4019 ct.
364 3963 487 4032 Haerter,
513 3965 581 4032 „Die
600 3966 694 4022 zweite
712 3964 880 4036 olympische
898 3965 956 4020 Ode
975 3967 1092 4023 Pindaro
1109 3969 1247 4024 ubersetzt

211 4047 267 4102 und
285 4047 405 4102 erkltrt“
424 4050 453 4104 in
471 4064 634 4119 programm.
653 4067 742 4122 gymn.
763 4050 884 4108 stendal.
902 4067 927 4106 a.
948 4051 1022 4108 1870.
1042 4071 1067 4123 p.
1087 4054 1110 4109 6.
