3088 4648
626 277 841 337 ...31-

220 469 285 512 non
307 447 412 531 possit
433 445 524 510 aliud
554 465 685 509 carmen
717 448 816 526 atque
845 443 908 508 hoc
937 444 1044 525 ipsum
1067 441 1255 526 significari.

221 551 396 616 Praeterea
429 555 539 614 autem
580 546 705 612 duobus
746 547 811 611 illis
852 547 982 611 aoristis
1019 540 1186 633 ὀρθώσαις
1222 551 1256 610 et

221 649 347 742 εὑρόντι
369 659 517 719 vetamur
539 651 615 716 illcs
646 670 759 715 versus
789 649 832 714 ad
854 671 985 714 carmen
1008 648 1184 715 secundum
1205 671 1256 716 re·

221 757 317 838 ferre,
343 758 420 841 quia
437 756 597 822 Pindarus
620 752 701 818 illud
725 753 897 836 epinicium
920 752 1063 819 nondum
1086 775 1257 838 aggressus

223 866 304 938 erat,
329 882 402 925 cum
423 860 505 924 haec
527 858 695 923 scriberet.
717 857 835 938 Itaque
859 855 994 921 dubium
1015 863 1155 937 nonest,
1179 857 1256 939 quin

222 957 323 1045 ὕμνος
340 958 613 1044 Ὀλυμπιονίκας,
645 981 740 1042 quem
764 964 862 1042 poeta
891 962 1053 1042 nominat,
1084 961 1193 1044 ipsum
1214 962 1258 1025 sit

225 1086 355 1130 carmen
379 1064 582 1148 Olympicum
606 1065 750 1128 tertium.

287 1167 435 1233 Proxime
452 1165 494 1231 ad
509 1187 615 1231 meam
637 1167 831 1231 sententiam
843 1167 972 1232 accedit
988 1165 1141 1250 longhius
1152 1168 1185 1253 ¹),
1201 1167 1259 1232 sed

223 1292 293 1338 rem
306 1274 410 1354 magis
422 1272 615 1353 perstrinxit
627 1291 724 1352 quam
737 1269 923 1353 explicavit.
945 1272 985 1335 In
997 1291 1034 1335 eo
1047 1292 1174 1336 mecum
1186 1292 1260 1336 con-

225 1375 345 1454 sentit,
383 1373 470 1458 quod
493 1373 675 1438 Aristarchi
710 1378 744 1438 et
774 1372 903 1457 Didymi
938 1375 1123 1439 testimonio
1155 1377 1260 1459 magis

227 1477 452 1545 confidendum
474 1499 543 1544 esse
567 1478 733 1556 existimat
755 1497 854 1560 qnam
876 1477 1077 1560 reliquorum
1099 1498 1261 1561 gramma-

160 1659 163 1666 ,
225 1582 364 1646 ticorum
387 1587 421 1646 et
442 1580 652 1646 reiiciendam
684 1600 753 1664 esse
784 1585 897 1654 ,censet
928 1577 1072 1645 fabulam
1103 1581 1195 1646 illam
1224 1581 1264 1646 de

225 1686 339 1749 nuntio
361 1685 516 1750 victoriae
546 1686 580 1749 in
615 1682 795 1748 theoreniis
819 1683 1030 1766 Agrigentum
1053 1684 1264 1768 pervulgat03

226 1809 291 1853 non
313 1788 420 1852 minus
441 1793 531 1853 recte
554 1809 684 1852 carmen
715 1785 757 1850 ad
788 1787 959 1851 victoriam
985 1787 1187 1871 Olympicam
1213 1809 1264 1854 ce-

226 1887 427 1972 lebrandatm,
451 1913 517 1956 non
539 1892 605 1956 alio
626 1891 792 1976 pertinere
816 1890 995 1958 contendit.

292 1997 361 2060 lam
396 1996 430 2060 in
469 1994 532 2060 fine
569 1995 667 2061 huius
704 1994 744 2060 de
779 1994 924 2060 carmine
958 1995 1127 2080 Olympico
1166 1998 1264 2064 tertio

228 2100 461 2184 disputationis
486 2101 666 2183 quaeritur,
690 2096 746 2163 ubi
768 2097 862 2179 illud,
888 2119 962 2163 oum
985 2100 1156 2185 Olympiae
1178 2103 1265 2167 inter

228 2205 317 2287 ipsos
346 2202 441 2268 ludos
471 2203 686 2288 compositum
714 2202 774 2282 sit,
808 2203 983 2267 recitatum
1016 2223 1086 2267 esse
1108 2202 1266 2274 videatur.

227 2307 261 2372 Si
284 2306 386 2389 igitur
397 2300 577 2372 Theronem
593 2311 728 2390 propter
744 2305 909 2371 difficilem
925 2329 1036 2372 rerum
1049 2307 1264 2377 siciliensium

226 2410 446 2476 condicionem
468 2431 603 2494 regnum
619 2432 684 2475 non
700 2410 872 2494 reliquisse
886 2412 957 2475 iure
973 2413 1091 2477 statuit
1106 2411 1263 2478 Boeckhi-

226 2535 285 2595 us,
317 2519 567 2579 consentaneum
605 2519 654 2578 est
686 2535 816 2579 carmen
848 2514 1017 2599 Olympiae
1052 2517 1266 2600 compositum

225 2639 284 2702 per
306 2618 441 2702 legatos,
466 2639 547 2701 qnos
571 2617 677 2684 Thero
700 2616 743 2681 ad
765 2615 860 2683 ludos
881 2619 1026 2700 miserat,
1047 2620 1263 2703 Agrigentum

230 2720 368 2785 allatum
390 2720 500 2804 ibique
522 2723 699 2787 recitatum
723 2743 801 2789 esse.
847 2722 930 2788 Nam
959 2721 1047 2788 credi
1070 2745 1134 2789 non
1156 2729 1266 2808 potest

232 2823 402 2909 Olympiae
425 2845 557 2891 carmen
580 2825 623 2891 ad
643 2825 898 2909 praedicandam
915 2826 1073 2892 Theronis
1095 2826 1265 2893 victoriam

227 2927 395 3010 pertinens
424 2933 592 2994 cantatum
624 2949 713 3011 esse,
751 2950 825 2995 cum
855 2929 911 2995 ille
948 2930 1064 3014 procul
1097 2931 1267 3016 Agrigenti

228 3034 423 3101 versaretur.
445 3031 590 3114 Accedit,
622 3034 711 3117 quod
734 3035 945 3100 Aristarchus
967 3040 1000 3100 et
1023 3034 1180 3120 Didymus
1202 3057 1267 3102 non

228 3134 336 3200 minus
361 3153 459 3218 quam
481 3135 600 3219 reliqui
623 3139 846 3222 grammatici,
878 3139 935 3222 qui
958 3159 1090 3204 carmen
1111 3138 1154 3204 ad
1177 3139 1268 3205 theo-

230 3238 328 3304 xenia
355 3244 505 3322 spectare
541 3241 758 3323 contendunt,
795 3243 858 3308 hoc
891 3263 1083 3327 persuasum
1117 3242 1269 3308 ridentur

228 3340 350 3407 habere
383 3341 465 3407 illud
499 3363 564 3408 non
588 3344 768 3431 Olympiae,
802 3347 861 3412 sed
892 3346 1063 3431 Agrigenti
1093 3347 1267 3413 recitatum

229 3466 309 3513 esse.
356 3445 390 3512 si
422 3446 502 3530 quid
531 3468 571 3512 ex
601 3449 756 3514 carminis
783 3454 975 3540 argumento
998 3449 1158 3514 coniicere
1180 3449 1268 3532 licet,

229 3569 293 3614 non
316 3548 385 3614 sine
407 3570 507 3616 causa
528 3572 587 3635 per
602 3553 758 3618 maiorem
775 3553 928 3618 carminis
951 3557 1080 3637 partem
1104 3552 1145 3618 de
1167 3553 1269 3618 sacris

154 3643 158 3650 ’
230 3651 412 3735 arboribus,
436 3655 555 3740 quibus
570 3656 729 3722 Hercules
743 3656 886 3723 stadium
902 3657 1108 3741 Olympicum
1130 3657 1268 3740 ornavit,

235 3797 404 3806 ——-—--.„
437 3801 441 3805 .

285 3862 306 3928 1)
324 3862 384 3916 Hoc
401 3876 537 3917 consensu
552 3877 584 3916 eo
601 3863 688 3932 magis
701 3864 816 3933 gaudeo,
835 3861 907 3934 quod
925 3862 988 3918 libri
1001 3861 1166 3932 inspiciendi
1185 3863 1269 3918 facul·

230 3952 273 4003 tas
291 3947 358 4002 mihi
376 3959 408 4002 eo
427 3960 547 4018 tempore
566 3949 713 4018 recteest,
744 3965 797 4020 quo
822 3954 879 4005 tota
905 3948 963 4005 lere
985 3949 1054 4004 baec
1078 3948 1270 4004 commentatio

229 4034 385 4105 conscripta
402 4040 468 4090 erat
